3292 5176
688 312 865 371 ,29-

195 489 278 557 71565
304 488 386 561 73585
411 490 493 560 80525
519 489 546 558 65
572 488 654 557 88565
678 487 706 543 V
728 489 809 561 23565
835 490 916 561 25565
941 489 1022 558 45525
1049 488 1130 559 46545
1155 490 1236 559 52565
1268 489 1350 562 53545

196 596 277 667 62585
303 597 385 667 67565
409 596 452 652 VI
474 599 535 668 9525
561 597 662 668 215105
688 597 769 667 23525
794 596 877 668 33525
895 596 976 668 61565
995 598 1076 670 77525
1095 597 1176 668 87525
1195 597 1276 669 94525
1295 595 1353 651 VII

197 704 299 774 105165
324 705 424 774 185125
451 705 532 776 23545
558 704 639 773 64585
659 704 760 774 695105
779 705 859 772 77525
880 704 960 776 78545
979 703 1053 758 VIII
1068 704 1150 775 11585
1169 705 1250 772 22525
1268 704 1351 774 51525

196 811 278 883 80585
293 809 337 863 IX
352 812 412 883 2525
430 811 493 880 3525
508 811 569 883 6545
585 812 667 882 10525
681 810 762 882 29565
777 811 859 879 34585
874 810 975 882 495105
990 810 1092 879 565105
1108 811 1190 880 82565
1204 810 1285 879 92565
1304 811 1351 878 125

198 918 278 985 94565
303 916 331 970 X
354 919 436 987 19525
461 917 542 986 25565
567 917 648 985 41585
673 916 754 984 58565
781 917 837 984 145
863 917 955 984 59545
981 917 1074 988 84525
1097 917 1141 971 XI
1163 917 1233 985 2,6;
1269 917 1351 984 17,2;

197 1024 298 1092 23,16;
324 1024 405 1092 27565
430 1025 477 1093 145
504 1024 584 1092 39585
611 1024 658 1091 165
683 1024 764 1090 57525
790 1022 817 1091 65
844 1023 935 1091 58545
961 1024 999 1092 85
1025 1024 1117 1093 71565
1142 1023 1232 1092 73545
1268 1023 1349 1090 90585

197 1131 278 1198 94545
304 1132 406 1200 101525
433 1131 534 1202 108525
558 1130 618 1184 XII
640 1131 701 1196 5525
727 1131 807 1198 21545
833 1132 914 1198 25525
940 1132 1020 1199 27525
1047 1132 1148 1199 945125
1185 1131 1276 1199 96565
1302 1130 1349 1197 105

197 1236 272 1290 XIII
295 1238 355 1306 2585
381 1237 443 1306 8585
469 1238 550 1306 45525
575 1239 657 1306 59525
682 1238 764 1307 71525
783 1238 864 1306 87525
883 1238 984 1305 120525
1002 1237 1074 1291 XIV
1090 1237 1151 1305 1585
1170 1237 1251 1304 34525
1270 1236 1351 1305 73525

201 1344 282 1412 83525
308 1344 410 1414 14752)
432 1343 535 1397 alteris
556 1344 783 1412 monosyllabis3
802 1346 839 1398 63
856 1346 881 1414 (Ι
905 1346 985 1413 29545
1012 1344 1112 1413 345105
1138 1345 1219 1412 80525
1251 1343 1352 1412 108545

199 1449 300 1516 114525
324 1452 425 1519 118525
449 1450 479 1504 lI
501 1452 582 1519 47545
608 1452 689 1520 50525
714 1453 796 1521 51565
822 1452 903 1521 67545
931 1453 1112 1521 6958580525
1131 1451 1351 1520 81525Ι111545

199 1557 299 1625 955145
324 1556 367 1612 IV
390 1558 470 1626 16545
496 1558 597 1626 785105
622 1559 703 1626 83525
728 1557 755 1613 V
778 1558 858 1627 31585
885 1559 964 1626 36525
990 1559 1072 1629 50545
1097 1560 1126 1627 65
1151 1559 1252 1626 655165
1271 1558 1352 1626 75525

198 1663 241 1718 VI
264 1665 344 1732 10545
371 1666 419 1734 125
443 1664 524 1733 43565
549 1664 608 1719 VII
630 1666 711 1734 51565
737 1667 785 1736 145
810 1667 891 1736 81525
917 1669 1008 1736 90545
1033 1666 1106 1721 VIII
1129 1666 1220 1734 18545
1252 1664 1353 1733 305105

198 1773 280 1840 50525
304 1771 349 1824 IX
371 1773 473 1841 385105
499 1773 579 1839 84585
606 1773 707 1841 100565
733 1774 854 1842 1015245
878 1774 907 1827 Χ
930 1775 990 1842 1545
1016 1775 1107 1842 12545
1133 1774 1245 1841 145105
1271 1772 1352 1839 70525

199 1880 279 1947 71585
306 1880 387 1947 79525
413 1878 513 1947 965125
539 1878 582 1932 XI
604 1880 685 1948 55,2;
711 1880 793 1948 58525
818 1881 899 1948 95525
925 1879 984 1933 XII
1007 1882 1068 1948 4525
1093 1881 1174 1948 40545
1200 1879 1233 1947 65
1270 1878 1351 1947 44545

200 1987 282 2054 50585
308 1988 389 2055 96545
414 1987 489 2041 XIII
511 1986 573 2057 2565
599 1989 680 2056 84525
706 1988 788 2057 85525
814 1990 894 2057 99525
920 1989 1021 2056 108525
1045 1985 1118 2042 XIV
1140 1989 1221 2054 13,2;
1251 1988 1351 2056 101525

202 2094 301 2162 122525
327 2095 429 2164 19852)
450 2094 648 2164 pyrrichiacis
669 2094 844 2151 succedunt.

240 2201 309 2255 Iam
330 2200 368 2254 de
388 2201 571 2272 pentametri
593 2201 736 2256 clausulis
758 2201 940 2270 loquendum
964 2206 1020 2257 est.
1044 2201 1155 2256 Poetae
1170 2200 1271 2271 graeci
1284 2217 1356 2270 pen-

201 2310 363 2361 tametrum
385 2308 477 2362 verbo
500 2307 565 2362 sive
585 2307 735 2377 bisyllabo
757 2307 822 2363 sive
843 2308 1026 2379 polispllabo
1054 2308 1119 2362 sine
1147 2307 1210 2361 ullo
1237 2306 1357 2362 delectu

202 2412 395 2479 clauserimt,
429 2415 568 2483 quamvis
598 2415 819 2484 frequentiores
849 2414 911 2471 sint
943 2416 1017 2485 (fere
1050 2418 1086 2470 75
1096 2412 1145 2491 075)
1176 2412 1358 2486 pentametri

201 2519 360 2588 bisyllabis
381 2520 524 2589 555515515
550 2526 655 2576 contra
676 2522 758 2593 apud
779 2527 884 2592 poetas
905 2522 1017 2577 latinos
1044 2521 1179 2577 clausula
1206 2520 1356 2591 bisyllaba

201 2645 262 2682 una
276 2645 314 2682 ex
328 2627 469 2682 omnibus
490 2628 627 2698 legitima
641 2633 688 2683 est
701 2629 841 2684 habenda
855 2630 928 2700 (Cir.
945 2632 980 2685 F.
999 2631 1032 2686 C.
1049 2630 1211 2700 Hultgren,
1227 2628 1355 2686 Jahrbb.

202 2734 224 2790 f.
248 2735 291 2795 kl.
313 2734 392 2791 Phil.
416 2735 479 2788 und
500 2734 613 2805 Padag.
636 2735 719 2791 ovll
740 2753 771 2806 p.
796 2737 864 2806 7535
889 2738 977 2805 18735
1001 2736 1113 2792 Plessis
1127 2737 1148 2792 l.
1165 2736 1186 2791 l.
1205 2738 1260 2790 115
1278 2752 1356 2804 sqq.,

203 2841 357 2896 Zambaldi
378 2842 399 2895 1.
423 2841 445 2897 l.
469 2859 500 2911 p.
525 2843 603 2909 2505
627 2841 708 2911 115515
732 2841 898 2896 Bollettino
919 2842 950 2896 di
971 2842 1061 2898 uilol.
1084 2842 1209 2898 classica
1230 2843 1244 2895 1
1266 2861 1296 2914 p.
1321 2844 1357 2897 89

203 2964 247 3016 sq.
272 2952 303 3002 et
323 2947 365 3003 VI
386 2965 417 3018 p.
443 2949 479 3003 62
502 2949 588 3018 sqq).
612 2949 715 3017 Neque
738 2951 840 3002 tamen
861 2949 972 3004 desunt
993 2948 1176 3020 pentametri
1191 2948 1292 3003 verbIs
1306 2965 1358 3019 po-

205 3054 355 3123 lisyllabis
376 3054 465 3123 finiti,
489 3053 562 3124 quin
583 3055 674 3109 etiam
697 3054 835 3110 Catullus
848 3055 1022 3111 huiusmodi
1037 3058 1202 3112 clausulam
1217 3055 1360 3127 praetulit

208 3160 283 3232 (Cfr.
301 3161 470 3234 Boumann,
487 3162 533 3214 De
547 3164 612 3214 arte
626 3161 751 3216 metrica
767 3161 890 3232 Catulli,
907 3163 1132 3234 Laudisbergae
1146 3180 1175 3234 p.
1191 3164 1240 3231 16,
1260 3163 1358 3233 1881),

205 3268 259 3322 sod
280 3269 415 3323 clausula
441 3267 591 3336 bisyllaba
618 3269 708 3340 longe
736 3271 982 3340 frequentissima
1009 3276 1055 3326 est
1079 3271 1159 3341 apud
1192 3270 1358 3337 Tibullum,

205 3376 415 3446 Lygdamum,
439 3374 660 3445 Claudianum,
684 3378 831 3433 Rutilium
853 3378 1078 3434 Namatianum.
1103 3377 1182 3442 Quid
1204 3377 1302 3431 dicam
1323 3375 1361 3429 de

206 3483 317 3538 Ovidio
338 3483 390 3553 qui
412 3484 445 3538 in
465 3484 639 3553 Amoribus,
663 3485 695 3538 in
709 3485 872 3554 Remediis,
889 3487 920 3540 in
938 3486 1096 3541 Medicam.
1113 3484 1201 3540 faciei
1215 3501 1252 3538 nc
1268 3500 1361 3537 unum

205 3587 327 3657 quidem
348 3589 473 3659 praebet
494 3606 614 3645 versum
639 3590 772 3660 quinon
795 3591 834 3645 sit
855 3592 990 3646 clausula
1012 3590 1162 3660 bisyllaba
1192 3590 1358 3661 praeditus,

205 3694 289 3751 etin
310 3696 435 3765 reliquis
457 3697 608 3768 elegorum
632 3699 718 3754 libris
740 3699 905 3753 clausulam
928 3699 1107 3768 bisyllabam
1123 3714 1269 3767 nusquam
1298 3697 1362 3752 fere

204 3801 389 3858 intermisitl
409 3805 510 3875 Atque
531 3806 720 3878 Propertius,
743 3806 795 3876 qui
818 3807 849 3861 in
870 3807 968 3875 primo
990 3807 1068 3862 libro
1090 3824 1179 3878 saepe
1200 3806 1294 3861 verba
1308 3822 1360 3876 po·

205 3908 345 3977 lisyllaba
365 3910 397 3964 in
418 3911 479 3964 fine
499 3913 682 3981 pentametri
704 3918 855 3983 posucrat,
882 3914 911 3966 in
933 3917 1040 3982 quarto
1055 3912 1145 3982 libro,
1162 3922 1308 3981 5555555
1324 3910 1362 3964 ad

205 4019 357 4076 clausulas
378 4020 499 4084 attinet,
522 4021 561 4074 ad
583 4022 752 4091 exemplum
771 4020 870 4075 Ovidii
887 4039 918 4076 se
933 4021 1109 4092 applicavit.
1127 4020 1265 4090 Denique
1281 4019 1361 4075 ‹flau-
