3292 5176
741 492 914 559 -41-ι
1002 595 1004 600 Ι

287 670 343 732 seu
366 672 403 731 de
424 671 472 732 lus
493 674 583 734 rebus
603 675 760 749 hactenus,
784 695 864 733 nuno
878 677 1027 748 reIIqunm
1043 681 1089 734 est
1105 684 1140 734 ut
1153 693 1249 750 pauca
1263 676 1300 735 de
1315 675 1399 736 hiatu

247 783 392 839 dicamus.
415 772 593 854 Reperimus
613 784 730 840 hiatum
752 785 782 840 ln
811 802 862 839 vv.
887 785 932 838 III
955 785 1006 851 3‚4
1028 791 1059 838 et
1073 786 1118 838 XI
1133 788 1194 857 2,5;
1212 787 1265 841 sed
1280 786 1401 842 Schnei-

247 891 345 945 dewin
367 907 405 945 ex
426 908 455 945 v.
480 893 525 945 III
546 893 609 963 3‚4,
622 893 810 961 pronomine
832 897 864 944 tu
885 891 1054 961 inserendo,
1078 892 1195 946 hiatum
1218 894 1335 963 expulit
1355 898 1400 948 to·

246 1001 370 1065 tumque
392 997 576 1066 epigramma
597 1013 659 1051 non
679 997 789 1052 iniuria
812 998 897 1052 uncis
925 997 1059 1053 seclusit.
1083 998 1189 1052 Restat
1211 1015 1240 1052 v.
1265 999 1309 1052 XI
1331 1001 1393 1068 2‚5‚

246 1103 278 1156 in
300 1120 359 1172 quo
379 1107 408 1159 io
428 1109 492 1176 ant,
515 1102 600 1159 hiatu
621 1103 762 1177 admisso,
780 1105 966 1174 pyrrichium
987 1105 1159 1159 habendum
1181 1109 1238 1175 est,
1264 1111 1326 1178 aut,
1351 1121 1399 1160 su-

245 1209 328 1263 blato
349 1209 446 1281 hiatu,
463 1208 716 1283 monosyllabum,
741 1210 822 1280 quod
842 1226 904 1264 uon
918 1211 996 1264 male
1017 1209 1151 1280 praefert
1171 1210 1397 1266 Friedlaender.

288 1316 372 1371 VIII.
390 1317 593 1372 Transeamus
613 1334 694 1372 nuno
708 1316 832 1372 adalia.
849 1317 918 1372 Iam
934 1317 967 1373 P.
984 1317 1057 1372 Rasi
1077 1333 1138 1371 non
1160 1334 1220 1371 nno
1241 1319 1307 1372 loco
1323 1317 1398 1388 (Cfr.

246 1424 292 1480 De
307 1425 384 1496 eleg.
401 1425 455 1480 lat.
472 1443 570 1497 comp.
587 1431 619 1482 et
632 1426 730 1482 forma
751 1444 781 1497 p.
800 1428 817 1481 3
832 1431 863 1481 et
883 1425 1006 1499 passim,
1024 1431 1054 1480 et
1068 1425 1136 1480 lily.
1154 1425 1186 1480 di
1207 1426 1296 1480 Filol.
1314 1425 1400 1480 XXV

245 1547 276 1600 p.
301 1531 356 1585 191
380 1537 458 1602 sqq.)
481 1530 598 1587 monuit
620 1533 805 1604 universam,
829 1536 863 1587 ut
890 1531 954 1587 fere
976 1531 1042 1586 eins
1070 1530 1173 1586 verbIs
1195 1535 1273 1604 utar,
1298 1532 1399 1601 elego-

246 1653 312 1690 rum
333 1636 498 1693 latinorum
519 1643 672 1709 tamquam
699 1638 795 1708 legem
822 1656 887 1694 esse
907 1645 942 1694 ut
963 1638 995 1692 in
1020 1638 1149 1707 singulis
1170 1637 1309 1693 distichis
1338 1639 1399 1693 sin-

245 1744 308 1812 guli
326 1747 510 1815 pentametri
531 1747 709 1816 plerumque
731 1751 762 1800 et
783 1747 949 1800 orationem
965 1744 1089 1798 finirent
1104 1749 1135 1798 et
1148 1745 1331 1799 sententiam
1347 1751 1400 1799 aut

244 1850 396 1905 interdum
413 1851 477 1906 sive
492 1852 552 1907 duo
574 1852 639 1907 sive
660 1853 748 1922 plura
770 1852 900 1906 disticha
921 1852 1001 1905 inter
1025 1867 1057 1905 se
1078 1855 1256 1919 aptarentur
1277 1857 1308 1906 et
1330 1869 1399 1906 con-

245 1956 333 2010 cinne
355 1958 561 2013 cohaererent.
586 1959 626 2012 At
647 1958 678 2012 in
700 1963 766 2013 toto
787 1958 925 2013 Martiale
948 1958 1074 2011 duorum
1097 1956 1295 2012 distichorum
1318 1974 1396 2012 com-

245 2062 402 2132 plexiones
416 2081 471 2119 seu
484 2063 624 2119 binioues
637 2065 799 2120 trecenties
810 2064 990 2133 quadragies
1004 2062 1102 2118 sexies
1116 2061 1231 2134 inveni,
1246 2064 1399 2120 terniones

244 2171 389 2239 nonagies
410 2171 519 2241 sexies,
544 2171 757 2240 quaterniones
778 2171 877 2225 vicies
895 2170 989 2224 octies
1011 2170 1035 2239 (I
1054 2172 1136 2242 39‚1;
1155 2169 1334 2242 88‚1;92‚5;
1353 2171 1398 2225 III

246 2272 328 2343 62‚1;
344 2271 387 2327 IV
408 2272 994 2354 5,1;25,1;53,1;78‚1;V],1;30‚1;
1018 2273 1076 2328 VII
1099 2276 1181 2347 28,1;
1206 2275 1289 2347 53‚1;
1314 2275 1395 2346 74,1;
1503 2299 1505 2306 ·

245 2379 328 2450 99,1;
352 2379 395 2432 IX
418 2382 500 2453 12,1;
524 2381 607 2453 34,1;
632 2382 713 2452 35,3;
738 2381 820 2453 37,1;
837 2380 865 2433 X
881 2381 962 2453 33,1;
986 2381 1030 2434 XI
1051 2382 1396 2454 4‚1;c,5;27,1;49,3;

244 2487 327 2556 52‚5;
353 2487 435 2557 60‚1;
458 2487 518 2540 XII
540 2489 622 2557 31,1;
647 2490 729 2558 50,1;
755 2489 847 2560 bost),
870 2486 1029 2557 quiniones
1051 2487 1193 2542 undecies
1215 2488 1239 2557 (I
1262 2490 1345 2561 43‚1;
1369 2490 1399 2543 II

244 2594 325 2664 29‚1;
343 2594 387 2646 III
411 2595 493 2666 63,3;
514 2594 596 2667 65,1;
614 2595 657 2650 IV
679 2597 761 2666 19,1;
785 2595 843 2650 VII
865 2596 947 2667 87‚1;
972 2594 1047 2649 VIII
1068 2595 1397 2669 71,1;1x101,1;13;

243 2699 271 2752 X
294 2701 375 2774 14,1;
392 2701 436 2754 XI
458 2703 555 2774 21,1),
572 2700 712 2756 seniones
733 2702 781 2757 bis
805 2702 860 2773 (IX
882 2704 964 2774 65,1;
980 2702 1025 2754 XI
1048 2702 1120 2775 8,1),
1139 2703 1332 2772 septeniones
1352 2720 1398 2758 se-

244 2806 304 2862 mel
326 2808 380 2875 (IX
402 2810 496 2879 22‚1).

283 2915 394 2984 Atque,
417 2920 452 2969 ut
474 2915 511 2988 de
533 2919 700 2971 ceterorum
723 2921 880 2986 poetarum
902 2932 959 2970 usu
980 2916 1150 2985 loquamur,
1173 2915 1320 2987 Ovidius,
1348 2917 1399 2972 Ti-

243 3020 354 3088 bullus,
362 3020 494 3074 Rntilius
506 3021 704 3076 Namatianus
715 3021 892 3091 saepissime
902 3021 1042 3077 biniones
1054 3027 1086 3077 et
1097 3023 1261 3092 terniones,
1274 3040 1398 3093 perraro

242 3130 456 3201 quaterniones
478 3139 509 3186 et
529 3131 699 3204 quiniones,
724 3147 888 3199 numquam
903 3119 1035 3200 plurium
1051 3130 1248 3186 distichorum
1263 3135 1396 3190 ambItus

242 3238 456 3307 adhibuerunt,
474 3243 580 3293 contra
595 3208 781 3308 Propertius,
798 3238 883 3292 cuius
898 3239 1069 3308 exemplum
1085 3240 1258 3309 Lygdamus
1273 3247 1304 3296 et
1319 3243 1396 3297 Mar-

242 3345 325 3399 tialis
346 3345 441 3399 secuti
456 3350 537 3415 sunt,
555 3345 718 3399 multorum
734 3344 934 3402 distichorum
949 3346 1172 3416 complexiones
1185 3347 1265 3402 haud
1280 3366 1398 3420 sempe1¹

242 3450 354 3505 vitavit
375 3450 450 3521 (uh.
475 3450 508 3506 P.
533 3451 615 3523 Rasi,
638 3449 684 3504 De
705 3451 782 3520 eleg.
807 3452 860 3505 lat.
884 3456 942 3505 etc.
967 3468 997 3521 p.
1023 3454 1079 3506 175
1103 3468 1190 3525 sqq.,
1215 3458 1246 3507 et
1266 3454 1335 3511 Riv.
1366 3457 1397 3510 di

243 3555 332 3611 Filol.
356 3554 442 3611 XXV
463 3573 493 3626 p.
519 3557 576 3611 139
598 3573 677 3626 sqq,
702 3558 801 3627 1897).

282 3663 336 3718 ΙΧ.
360 3664 447 3719 Nunc
468 3669 563 3718 restat
584 3669 618 3718 ut
640 3663 797 3718 videamus
817 3681 894 3734 quae
916 3665 1008 3720 sitin
1030 3666 1168 3722 distichis
1189 3668 1336 3724 Martialis
1350 3669 1394 3722 di-

242 3767 366 3839 spositio
387 3768 645 3824 substantivorum
667 3775 698 3824 et
719 3769 949 3844 adiectivorum,
974 3789 1033 3841 qua
1055 3773 1085 3826 in
1107 3790 1139 3827 re
1161 3775 1242 3829 omni
1257 3792 1294 3829 ex
1309 3780 1395 3845 parte
1448 3847 1450 3854 Ι

240 3874 390 3928 rationem
412 3879 533 3929 secutus
554 3891 632 3949 sum,
655 3891 745 3945 quam
766 3875 875 3930 Petrus
896 3877 978 3951 Rasi,
1001 3879 1047 3934 vir
1061 3880 1105 3934 rei
1121 3880 1262 3936 metricae
1276 3882 1396 3951 peritis-

241 3980 345 4050 simus,
368 3997 430 4034 non
451 3997 512 4035 uno
533 3981 599 4036 loco
619 3981 722 4036 docuit
744 3982 817 4053 (Cir.
840 3983 909 4038 Riv.
939 3986 970 4039 di
992 3985 1141 4058 Filologia
1162 3988 1247 4043 XXV
1275 4005 1305 4058 p.
1338 3991 1394 4045 197

241 4091 272 4142 et
293 4087 392 4157 alibi).
416 4089 456 4142 Et
476 4095 557 4144 certe
578 4089 700 4159 quidem
721 4090 780 4144 viri
794 4091 874 4146 docti
889 4092 977 4147 facile
992 4110 1031 4148 ex
1044 4094 1100 4148 hoo
1114 4095 1218 4149 libello
1232 4103 1396 4166 agnoscent

242 4195 315 4264 quid
337 4194 383 4249 illi
405 4201 561 4267 acceptum
583 4197 695 4253 referre
717 4199 853 4253 debeam.

283 4300 411 4362 Numeri
433 4321 507 4373 quos
528 4304 632 4359 inveni
655 4306 686 4358 hi
707 4314 799 4362 sunt:
