<?xml version="1.0" encoding="UTF-8"?>
<!DOCTYPE html PUBLIC "-//W3C//DTD XHTML 1.0 Transitional//EN"
    "http://www.w3.org/TR/xhtml1/DTD/xhtml1-transitional.dtd">
<html xmlns="http://www.w3.org/1999/xhtml" xml:lang="en" lang="en">
 <head>
  <title>
</title>
<meta http-equiv="Content-Type" content="text/html;charset=utf-8" />
  <meta name='ocr-system' content='tesseract 3.04.00' />
  <meta name='ocr-capabilities' content='ocr_page ocr_carea ocr_par ocr_line ocrx_word'/>
</head>
<body>
  <div class='ocr_page' id='page_1' title='image "./demvalmartialis00giargoog_0093.png"; bbox 0 0 3292 5176; ppageno 0'>
   <div class='ocr_carea' id='block_1_1' title="bbox 816 411 989 468">
    <p class='ocr_par' dir='ltr' id='par_1_1' title="bbox 816 411 989 468">
     <span class='ocr_line' id='line_1_1' title="bbox 816 411 989 468; baseline 0 -16"><span class='ocrx_word' id='word_1_1' title='bbox 816 411 989 468; x_wconf 80' lang='grc'>-86-</span> 
     </span>
    </p>
   </div>
   <div class='ocr_carea' id='block_1_2' title="bbox 319 580 1481 764">
    <p class='ocr_par' dir='ltr' id='par_1_2' title="bbox 319 580 1481 764">
     <span class='ocr_line' id='line_1_2' title="bbox 319 580 1480 659; baseline -0.006 -14"><span class='ocrx_word' id='word_1_2' title='bbox 319 609 346 645; x_wconf 66' lang='lat' dir='ltr'><strong><em>z</em></strong></span> <span class='ocrx_word' id='word_1_3' title='bbox 356 621 390 628; x_wconf 96' lang='lat'>—</span> <span class='ocrx_word' id='word_1_4' title='bbox 404 610 425 637; x_wconf 77' lang='grc' dir='ltr'><strong>υ</strong></span> <span class='ocrx_word' id='word_1_5' title='bbox 444 611 465 636; x_wconf 82' lang='grc' dir='ltr'><strong><em>υ</em></strong></span> <span class='ocrx_word' id='word_1_6' title='bbox 488 586 614 658; x_wconf 82' lang='lat' dir='ltr'>primam</span> <span class='ocrx_word' id='word_1_7' title='bbox 632 601 750 658; x_wconf 79' lang='lat' dir='ltr'><strong>semper</strong></span> <span class='ocrx_word' id='word_1_8' title='bbox 764 587 886 659; x_wconf 84' lang='lat' dir='ltr'>longam</span> <span class='ocrx_word' id='word_1_9' title='bbox 900 587 1052 656; x_wconf 90' lang='lat' dir='ltr'>exhibere,</span> <span class='ocrx_word' id='word_1_10' title='bbox 1069 585 1129 640; x_wconf 91' lang='lat' dir='ltr'>nisi</span> <span class='ocrx_word' id='word_1_11' title='bbox 1144 583 1207 641; x_wconf 90' lang='lat' dir='ltr'>siut</span> <span class='ocrx_word' id='word_1_12' title='bbox 1221 583 1344 640; x_wconf 89' lang='lat' dir='ltr'>nomina</span> <span class='ocrx_word' id='word_1_13' title='bbox 1358 580 1480 655; x_wconf 88' lang='lat' dir='ltr'>propria</span> 
     </span>
     <span class='ocr_line' id='line_1_3' title="bbox 320 691 1481 764; baseline 0.003 -17"><span class='ocrx_word' id='word_1_14' title='bbox 320 698 373 748; x_wconf 90' lang='lat' dir='ltr'>aut</span> <span class='ocrx_word' id='word_1_15' title='bbox 394 711 430 748; x_wconf 93' lang='lat' dir='ltr'>ex</span> <span class='ocrx_word' id='word_1_16' title='bbox 452 695 569 762; x_wconf 78' lang='lat' dir='ltr'>syllaba</span> <span class='ocrx_word' id='word_1_17' title='bbox 591 711 622 748; x_wconf 82' lang='lat' dir='ltr'>rc</span> <span class='ocrx_word' id='word_1_18' title='bbox 634 695 811 764; x_wconf 87' lang='lat' dir='ltr'>composita,</span> <span class='ocrx_word' id='word_1_19' title='bbox 824 696 955 764; x_wconf 89' lang='lat' dir='ltr'>denique</span> <span class='ocrx_word' id='word_1_20' title='bbox 969 695 1130 750; x_wconf 88' lang='lat' dir='ltr'>verborum</span> <span class='ocrx_word' id='word_1_21' title='bbox 1146 691 1235 746; x_wconf 89' lang='lat' dir='ltr'>huius</span> <span class='ocrx_word' id='word_1_22' title='bbox 1249 692 1364 746; x_wconf 89' lang='lat' dir='ltr'>formae</span> <span class='ocrx_word' id='word_1_23' title='bbox 1375 715 1403 749; x_wconf 58' lang='grc' dir='ltr'>,ν</span> <span class='ocrx_word' id='word_1_24' title='bbox 1414 722 1445 731; x_wconf 89' lang='grc'>-</span> <span class='ocrx_word' id='word_1_25' title='bbox 1454 715 1481 749; x_wconf 64' lang='lat' dir='ltr'>z</span> 
     </span>
    </p>
   </div>
   <div class='ocr_carea' id='block_1_3' title="bbox 318 799 1480 872">
    <p class='ocr_par' dir='ltr' id='par_1_3' title="bbox 318 799 1480 872">
     <span class='ocr_line' id='line_1_4' title="bbox 318 799 1480 872; baseline -0.003 -17"><span class='ocrx_word' id='word_1_26' title='bbox 318 801 445 870; x_wconf 84' lang='lat' dir='ltr'><strong>primam</strong></span> <span class='ocrx_word' id='word_1_27' title='bbox 470 807 637 872; x_wconf 79' lang='lat' dir='ltr'>correptam</span> <span class='ocrx_word' id='word_1_28' title='bbox 660 819 727 857; x_wconf 85' lang='lat' dir='ltr'>esse</span> <span class='ocrx_word' id='word_1_29' title='bbox 749 804 844 857; x_wconf 90' lang='lat' dir='ltr'>solum</span> <span class='ocrx_word' id='word_1_30' title='bbox 868 802 900 857; x_wconf 92' lang='lat' dir='ltr'>in</span> <span class='ocrx_word' id='word_1_31' title='bbox 914 803 974 858; x_wconf 85' lang='lat' dir='ltr'>fine</span> <span class='ocrx_word' id='word_1_32' title='bbox 989 801 1167 869; x_wconf 76' lang='lat' dir='ltr'>hexametri,</span> <span class='ocrx_word' id='word_1_33' title='bbox 1183 803 1236 854; x_wconf 91' lang='lat' dir='ltr'>aut</span> <span class='ocrx_word' id='word_1_34' title='bbox 1249 799 1281 854; x_wconf 92' lang='lat' dir='ltr'>iu</span> <span class='ocrx_word' id='word_1_35' title='bbox 1290 805 1365 870; x_wconf 84' lang='lat' dir='ltr'>patr</span> <span class='ocrx_word' id='word_1_36' title='bbox 1385 803 1417 852; x_wconf 92' lang='lat' dir='ltr'>et</span> <span class='ocrx_word' id='word_1_37' title='bbox 1430 803 1480 852; x_wconf 79' lang='lat' dir='ltr'>alr·</span> 
     </span>
    </p>
   </div>
   <div class='ocr_carea' id='block_1_4' title="bbox 312 908 1476 3437">
    <p class='ocr_par' dir='ltr' id='par_1_4' title="bbox 317 908 997 979">
     <span class='ocr_line' id='line_1_5' title="bbox 317 908 997 979; baseline 0.004 -18"><span class='ocrx_word' id='word_1_38' title='bbox 317 908 423 961; x_wconf 89' lang='lat' dir='ltr'>autin</span> <span class='ocrx_word' id='word_1_39' title='bbox 445 908 546 963; x_wconf 92' lang='lat' dir='ltr'>verbis</span> <span class='ocrx_word' id='word_1_40' title='bbox 567 925 604 962; x_wconf 88' lang='lat' dir='ltr'>ex</span> <span class='ocrx_word' id='word_1_41' title='bbox 626 909 744 975; x_wconf 80' lang='lat' dir='ltr'>syllaba</span> <span class='ocrx_word' id='word_1_42' title='bbox 764 926 795 963; x_wconf 82' lang='lat' dir='ltr'>rc</span> <span class='ocrx_word' id='word_1_43' title='bbox 809 910 997 979; x_wconf 81' lang='lat' dir='ltr'>composItis.</span> 
     </span>
    </p>

    <p class='ocr_par' dir='ltr' id='par_1_5' title="bbox 316 1012 1473 1406">
     <span class='ocr_line' id='line_1_6' title="bbox 357 1012 1472 1086; baseline -0.004 -17"><span class='ocrx_word' id='word_1_44' title='bbox 357 1017 419 1070; x_wconf 88' lang='lat' dir='ltr'>Has</span> <span class='ocrx_word' id='word_1_45' title='bbox 434 1016 556 1084; x_wconf 91' lang='lat' dir='ltr'>quidem</span> <span class='ocrx_word' id='word_1_46' title='bbox 571 1017 655 1086; x_wconf 88' lang='lat' dir='ltr'>leges</span> <span class='ocrx_word' id='word_1_47' title='bbox 670 1015 818 1070; x_wconf 79' lang='lat' dir='ltr'>Martialis</span> <span class='ocrx_word' id='word_1_48' title='bbox 832 1017 864 1069; x_wconf 87' lang='lat' dir='ltr'>iu</span> <span class='ocrx_word' id='word_1_49' title='bbox 880 1015 1020 1070; x_wconf 83' lang='lat' dir='ltr'>distichis</span> <span class='ocrx_word' id='word_1_50' title='bbox 1036 1015 1178 1084; x_wconf 81' lang='lat' dir='ltr'>elegiacis</span> <span class='ocrx_word' id='word_1_51' title='bbox 1193 1030 1311 1082; x_wconf 89' lang='lat' dir='ltr'>semper</span> <span class='ocrx_word' id='word_1_52' title='bbox 1326 1012 1472 1082; x_wconf 88' lang='lat' dir='ltr'>servavit,</span> 
     </span>
     <span class='ocr_line' id='line_1_7' title="bbox 316 1117 1473 1192; baseline -0.004 -17"><span class='ocrx_word' id='word_1_53' title='bbox 316 1120 342 1175; x_wconf 92' lang='lat' dir='ltr'>si</span> <span class='ocrx_word' id='word_1_54' title='bbox 356 1122 429 1177; x_wconf 91' lang='lat' dir='ltr'>VIII</span> <span class='ocrx_word' id='word_1_55' title='bbox 452 1123 521 1190; x_wconf 80' lang='lat'>78‚1</span> <span class='ocrx_word' id='word_1_56' title='bbox 539 1121 705 1192; x_wconf 79' lang='lat' dir='ltr'>Phlepracc</span> <span class='ocrx_word' id='word_1_57' title='bbox 726 1121 870 1192; x_wconf 80' lang='lat' dir='ltr'>excipias,</span> <span class='ocrx_word' id='word_1_58' title='bbox 888 1123 942 1176; x_wconf 78' lang='lat' dir='ltr'>secl</span> <span class='ocrx_word' id='word_1_59' title='bbox 963 1123 1019 1176; x_wconf 87' lang='lat' dir='ltr'>hoc</span> <span class='ocrx_word' id='word_1_60' title='bbox 1034 1121 1100 1174; x_wconf 92' lang='lat' dir='ltr'>loco</span> <span class='ocrx_word' id='word_1_61' title='bbox 1114 1118 1307 1174; x_wconf 88' lang='lat' dir='ltr'>excusandus</span> <span class='ocrx_word' id='word_1_62' title='bbox 1321 1122 1377 1189; x_wconf 88' lang='lat' dir='ltr'>est,</span> <span class='ocrx_word' id='word_1_63' title='bbox 1394 1117 1473 1186; x_wconf 93' lang='lat' dir='ltr'>quod</span> 
     </span>
     <span class='ocr_line' id='line_1_8' title="bbox 318 1224 1470 1298; baseline -0.003 -17"><span class='ocrx_word' id='word_1_64' title='bbox 318 1227 355 1282; x_wconf 90' lang='lat' dir='ltr'>de</span> <span class='ocrx_word' id='word_1_65' title='bbox 376 1228 497 1281; x_wconf 90' lang='lat' dir='ltr'>nomine</span> <span class='ocrx_word' id='word_1_66' title='bbox 519 1227 640 1297; x_wconf 88' lang='lat' dir='ltr'>proprio</span> <span class='ocrx_word' id='word_1_67' title='bbox 662 1229 774 1298; x_wconf 76' lang='lat' dir='ltr'>agiturt</span> <span class='ocrx_word' id='word_1_68' title='bbox 798 1228 977 1298; x_wconf 89' lang='lat' dir='ltr'>quinetiam</span> <span class='ocrx_word' id='word_1_69' title='bbox 1000 1229 1128 1298; x_wconf 87' lang='lat' dir='ltr'>primam</span> <span class='ocrx_word' id='word_1_70' title='bbox 1143 1232 1174 1282; x_wconf 93' lang='lat' dir='ltr'>et</span> <span class='ocrx_word' id='word_1_71' title='bbox 1190 1226 1350 1280; x_wconf 86' lang='lat' dir='ltr'>secundam</span> <span class='ocrx_word' id='word_1_72' title='bbox 1373 1224 1470 1293; x_wconf 88' lang='lat' dir='ltr'>legem</span> 
     </span>
     <span class='ocr_line' id='line_1_9' title="bbox 317 1331 1469 1406; baseline -0.003 -19"><span class='ocrx_word' id='word_1_73' title='bbox 317 1334 468 1389; x_wconf 88' lang='lat' dir='ltr'>interdum</span> <span class='ocrx_word' id='word_1_74' title='bbox 486 1335 587 1406; x_wconf 73' lang='lat' dir='ltr'>(sacra,</span> <span class='ocrx_word' id='word_1_75' title='bbox 598 1337 712 1405; x_wconf 75' lang='lat' dir='ltr'>patric,</span> <span class='ocrx_word' id='word_1_76' title='bbox 720 1338 817 1406; x_wconf 76' lang='lat' dir='ltr'>patre)</span> <span class='ocrx_word' id='word_1_77' title='bbox 833 1335 959 1390; x_wconf 91' lang='lat' dir='ltr'>Ovidius</span> <span class='ocrx_word' id='word_1_78' title='bbox 974 1335 1112 1405; x_wconf 87' lang='lat' dir='ltr'>violarit,</span> <span class='ocrx_word' id='word_1_79' title='bbox 1131 1350 1293 1404; x_wconf 88' lang='lat' dir='ltr'>numquam</span> <span class='ocrx_word' id='word_1_80' title='bbox 1311 1331 1469 1387; x_wconf 81' lang='lat' dir='ltr'>MartIalis.</span> 
     </span>
    </p>

    <p class='ocr_par' dir='ltr' id='par_1_6' title="bbox 316 1437 1476 2157">
     <span class='ocr_line' id='line_1_10' title="bbox 358 1437 1476 1515; baseline -0.004 -20"><span class='ocrx_word' id='word_1_81' title='bbox 358 1442 404 1496; x_wconf 91' lang='lat' dir='ltr'>De</span> <span class='ocrx_word' id='word_1_82' title='bbox 425 1441 575 1511; x_wconf 87' lang='lat' dir='ltr'>positione</span> <span class='ocrx_word' id='word_1_83' title='bbox 597 1442 701 1515; x_wconf 88' lang='lat' dir='ltr'>debili,</span> <span class='ocrx_word' id='word_1_84' title='bbox 726 1459 803 1511; x_wconf 89' lang='lat' dir='ltr'>quae</span> <span class='ocrx_word' id='word_1_85' title='bbox 824 1448 960 1512; x_wconf 89' lang='lat' dir='ltr'>vocatur,</span> <span class='ocrx_word' id='word_1_86' title='bbox 983 1442 1064 1512; x_wconf 91' lang='lat' dir='ltr'>apud</span> <span class='ocrx_word' id='word_1_87' title='bbox 1088 1442 1242 1497; x_wconf 87' lang='lat' dir='ltr'>Tibullum</span> <span class='ocrx_word' id='word_1_88' title='bbox 1272 1439 1385 1510; x_wconf 89' lang='lat' dir='ltr'>optime</span> <span class='ocrx_word' id='word_1_89' title='bbox 1413 1437 1476 1506; x_wconf 87' lang='lat' dir='ltr'>egit</span> 
     </span>
     <span class='ocr_line' id='line_1_11' title="bbox 317 1535 1472 1617; baseline -0.004 -14"><span class='ocrx_word' id='word_1_90' title='bbox 317 1549 352 1604; x_wconf 89' lang='lat' dir='ltr'>P.</span> <span class='ocrx_word' id='word_1_91' title='bbox 375 1549 446 1603; x_wconf 88' lang='lat' dir='ltr'>Rasi</span> <span class='ocrx_word' id='word_1_92' title='bbox 469 1549 659 1617; x_wconf 91' lang='lat' dir='ltr'>(Rendiconti</span> <span class='ocrx_word' id='word_1_93' title='bbox 674 1549 724 1604; x_wconf 89' lang='lat' dir='ltr'>del</span> <span class='ocrx_word' id='word_1_94' title='bbox 738 1551 774 1606; x_wconf 89' lang='lat' dir='ltr'>R.</span> <span class='ocrx_word' id='word_1_95' title='bbox 791 1551 914 1605; x_wconf 88' lang='lat' dir='ltr'>lstituto</span> <span class='ocrx_word' id='word_1_96' title='bbox 929 1550 1100 1605; x_wconf 86' lang='lat' dir='ltr'>Lombardo</span> <span class='ocrx_word' id='word_1_97' title='bbox 1115 1550 1146 1604; x_wconf 92' lang='lat' dir='ltr'>di</span> <span class='ocrx_word' id='word_1_98' title='bbox 1161 1565 1202 1605; x_wconf 87' lang='lat' dir='ltr'>sc.</span> <span class='ocrx_word' id='word_1_99' title='bbox 1217 1567 1233 1604; x_wconf 92' lang='lat' dir='ltr'>e</span> <span class='ocrx_word' id='word_1_100' title='bbox 1249 1550 1316 1603; x_wconf 92' lang='lat' dir='ltr'>lett.</span> <span class='ocrx_word' id='word_1_101' title='bbox 1335 1546 1417 1601; x_wconf 85' lang='lat' dir='ltr'>Serie</span> <span class='ocrx_word' id='word_1_102' title='bbox 1432 1535 1472 1613; x_wconf 85' lang='lat' dir='ltr'>II,</span> 
     </span>
     <span class='ocr_line' id='line_1_12' title="bbox 317 1656 1472 1729; baseline -0.003 -18"><span class='ocrx_word' id='word_1_103' title='bbox 317 1657 386 1711; x_wconf 94' lang='lat' dir='ltr'>Vol.</span> <span class='ocrx_word' id='word_1_104' title='bbox 410 1657 475 1729; x_wconf 88' lang='lat' dir='ltr'>XL,</span> <span class='ocrx_word' id='word_1_105' title='bbox 498 1674 529 1726; x_wconf 94' lang='lat' dir='ltr'>p.</span> <span class='ocrx_word' id='word_1_106' title='bbox 548 1658 669 1728; x_wconf 76' lang='lat' dir='ltr'>oca-73,</span> <span class='ocrx_word' id='word_1_107' title='bbox 689 1659 776 1726; x_wconf 82' lang='lat'>1907)</span> <span class='ocrx_word' id='word_1_108' title='bbox 792 1663 823 1712; x_wconf 93' lang='lat' dir='ltr'>et</span> <span class='ocrx_word' id='word_1_109' title='bbox 838 1657 919 1712; x_wconf 90' lang='lat' dir='ltr'>inter</span> <span class='ocrx_word' id='word_1_110' title='bbox 933 1658 994 1712; x_wconf 91' lang='lat' dir='ltr'>alia</span> <span class='ocrx_word' id='word_1_111' title='bbox 1008 1658 1064 1712; x_wconf 87' lang='lat' dir='ltr'>hoc</span> <span class='ocrx_word' id='word_1_112' title='bbox 1080 1658 1221 1728; x_wconf 89' lang='lat' dir='ltr'>probavit</span> <span class='ocrx_word' id='word_1_113' title='bbox 1237 1656 1385 1725; x_wconf 87' lang='lat' dir='ltr'>syllabam</span> <span class='ocrx_word' id='word_1_114' title='bbox 1401 1659 1472 1709; x_wconf 90' lang='lat' dir='ltr'>ante</span> 
     </span>
     <span class='ocr_line' id='line_1_13' title="bbox 317 1764 1472 1836; baseline 0.002 -19"><span class='ocrx_word' id='word_1_115' title='bbox 317 1764 360 1834; x_wconf 81' lang='lat' dir='ltr'>br,</span> <span class='ocrx_word' id='word_1_116' title='bbox 384 1781 424 1836; x_wconf 80' lang='lat' dir='ltr'>cr,</span> <span class='ocrx_word' id='word_1_117' title='bbox 448 1781 494 1836; x_wconf 81' lang='lat' dir='ltr'>pr,</span> <span class='ocrx_word' id='word_1_118' title='bbox 512 1780 563 1834; x_wconf 80' lang='lat' dir='ltr'>pr,</span> <span class='ocrx_word' id='word_1_119' title='bbox 588 1769 615 1818; x_wconf 82' lang='lat' dir='ltr'>tr</span> <span class='ocrx_word' id='word_1_120' title='bbox 635 1765 766 1834; x_wconf 89' lang='lat' dir='ltr'>positam</span> <span class='ocrx_word' id='word_1_121' title='bbox 787 1781 855 1818; x_wconf 93' lang='lat' dir='ltr'>raro</span> <span class='ocrx_word' id='word_1_122' title='bbox 871 1766 909 1819; x_wconf 70' lang='lat' dir='ltr'>&#39;in</span> <span class='ocrx_word' id='word_1_123' title='bbox 931 1765 1011 1820; x_wconf 90' lang='lat' dir='ltr'>thesi</span> <span class='ocrx_word' id='word_1_124' title='bbox 1026 1782 1043 1819; x_wconf 90' lang='lat' dir='ltr'>a</span> <span class='ocrx_word' id='word_1_125' title='bbox 1058 1764 1181 1819; x_wconf 86' lang='lat' dir='ltr'>Tibullo</span> <span class='ocrx_word' id='word_1_126' title='bbox 1197 1764 1374 1834; x_wconf 85' lang='lat' dir='ltr'>productam</span> <span class='ocrx_word' id='word_1_127' title='bbox 1396 1779 1472 1819; x_wconf 88' lang='lat' dir='ltr'>esse.</span> 
     </span>
     <span class='ocr_line' id='line_1_14' title="bbox 316 1869 1473 1941; baseline 0 -17"><span class='ocrx_word' id='word_1_128' title='bbox 316 1869 381 1934; x_wconf 80' lang='lat' dir='ltr'>Qua</span> <span class='ocrx_word' id='word_1_129' title='bbox 403 1871 433 1923; x_wconf 93' lang='lat' dir='ltr'>in</span> <span class='ocrx_word' id='word_1_130' title='bbox 456 1888 488 1924; x_wconf 91' lang='lat' dir='ltr'>re</span> <span class='ocrx_word' id='word_1_131' title='bbox 510 1869 657 1925; x_wconf 87' lang='lat' dir='ltr'>Martialis</span> <span class='ocrx_word' id='word_1_132' title='bbox 671 1888 689 1925; x_wconf 90' lang='lat' dir='ltr'>a</span> <span class='ocrx_word' id='word_1_133' title='bbox 704 1871 820 1925; x_wconf 91' lang='lat' dir='ltr'>Tibulli</span> <span class='ocrx_word' id='word_1_134' title='bbox 836 1873 1054 1926; x_wconf 85' lang='lat' dir='ltr'>consuetudine</span> <span class='ocrx_word' id='word_1_135' title='bbox 1069 1872 1219 1928; x_wconf 84' lang='lat' dir='ltr'>discessit:</span> <span class='ocrx_word' id='word_1_136' title='bbox 1235 1870 1379 1941; x_wconf 86' lang='lat' dir='ltr'>produxit</span> <span class='ocrx_word' id='word_1_137' title='bbox 1393 1871 1473 1925; x_wconf 91' lang='lat' dir='ltr'>enim</span> 
     </span>
     <span class='ocr_line' id='line_1_15' title="bbox 316 1977 1475 2051; baseline 0.001 -20"><span class='ocrx_word' id='word_1_138' title='bbox 316 1979 348 2031; x_wconf 92' lang='lat' dir='ltr'>in</span> <span class='ocrx_word' id='word_1_139' title='bbox 365 1977 504 2033; x_wconf 80' lang='lat' dir='ltr'>distichis</span> <span class='ocrx_word' id='word_1_140' title='bbox 518 1983 589 2032; x_wconf 92' lang='lat' dir='ltr'>ante</span> <span class='ocrx_word' id='word_1_141' title='bbox 612 1978 655 2046; x_wconf 75' lang='lat' dir='ltr'>bc,</span> <span class='ocrx_word' id='word_1_142' title='bbox 673 1996 712 2051; x_wconf 86' lang='lat' dir='ltr'>cr,</span> <span class='ocrx_word' id='word_1_143' title='bbox 730 1997 774 2051; x_wconf 81' lang='lat' dir='ltr'>pr,</span> <span class='ocrx_word' id='word_1_144' title='bbox 794 1996 844 2050; x_wconf 85' lang='lat' dir='ltr'>pr,</span> <span class='ocrx_word' id='word_1_145' title='bbox 870 1985 897 2034; x_wconf 81' lang='lat' dir='ltr'>tr</span> <span class='ocrx_word' id='word_1_146' title='bbox 911 1981 1026 2035; x_wconf 89' lang='lat' dir='ltr'>centies</span> <span class='ocrx_word' id='word_1_147' title='bbox 1048 1980 1227 2050; x_wconf 82' lang='lat' dir='ltr'>quadragies</span> <span class='ocrx_word' id='word_1_148' title='bbox 1241 1979 1339 2035; x_wconf 86' lang='lat' dir='ltr'>sexies</span> <span class='ocrx_word' id='word_1_149' title='bbox 1360 1980 1393 2033; x_wconf 93' lang='lat' dir='ltr'>in</span> <span class='ocrx_word' id='word_1_150' title='bbox 1414 1978 1475 2033; x_wconf 91' lang='lat' dir='ltr'>arsi</span> 
     </span>
     <span class='ocr_line' id='line_1_16' title="bbox 316 2085 1458 2157; baseline 0.003 -20"><span class='ocrx_word' id='word_1_151' title='bbox 316 2089 347 2139; x_wconf 82' lang='lat' dir='ltr'>et</span> <span class='ocrx_word' id='word_1_152' title='bbox 361 2085 476 2143; x_wconf 78' lang='lat' dir='ltr'>centies</span> <span class='ocrx_word' id='word_1_153' title='bbox 497 2085 592 2139; x_wconf 86' lang='lat' dir='ltr'>octies</span> <span class='ocrx_word' id='word_1_154' title='bbox 613 2085 645 2139; x_wconf 90' lang='lat' dir='ltr'>in</span> <span class='ocrx_word' id='word_1_155' title='bbox 666 2086 757 2157; x_wconf 88' lang='lat' dir='ltr'>thesi,</span> <span class='ocrx_word' id='word_1_156' title='bbox 781 2087 928 2156; x_wconf 89' lang='lat' dir='ltr'>corripuit</span> <span class='ocrx_word' id='word_1_157' title='bbox 949 2088 1105 2142; x_wconf 85' lang='lat' dir='ltr'>ducenties</span> <span class='ocrx_word' id='word_1_158' title='bbox 1127 2086 1301 2157; x_wconf 88' lang='lat' dir='ltr'>quindecies</span> <span class='ocrx_word' id='word_1_159' title='bbox 1323 2086 1353 2140; x_wconf 90' lang='lat' dir='ltr'>iu</span> <span class='ocrx_word' id='word_1_160' title='bbox 1368 2086 1458 2141; x_wconf 89' lang='lat' dir='ltr'>thesi.</span> 
     </span>
    </p>

    <p class='ocr_par' dir='ltr' id='par_1_7' title="bbox 313 2191 1474 3115">
     <span class='ocr_line' id='line_1_17' title="bbox 358 2191 1474 2263; baseline 0.001 -19"><span class='ocrx_word' id='word_1_161' title='bbox 358 2191 446 2244; x_wconf 90' lang='lat' dir='ltr'>Nunc</span> <span class='ocrx_word' id='word_1_162' title='bbox 467 2196 567 2245; x_wconf 87' lang='lat' dir='ltr'>cetera-</span> <span class='ocrx_word' id='word_1_163' title='bbox 589 2208 813 2261; x_wconf 88' lang='lat' dir='ltr'>persequamur.</span> <span class='ocrx_word' id='word_1_164' title='bbox 837 2193 906 2247; x_wconf 77' lang='lat' dir='ltr'>dam</span> <span class='ocrx_word' id='word_1_165' title='bbox 928 2194 999 2248; x_wconf 88' lang='lat' dir='ltr'>Rasi</span> <span class='ocrx_word' id='word_1_166' title='bbox 1022 2199 1053 2248; x_wconf 91' lang='lat' dir='ltr'>et</span> <span class='ocrx_word' id='word_1_167' title='bbox 1074 2194 1203 2263; x_wconf 89' lang='lat' dir='ltr'>Hilberg</span> <span class='ocrx_word' id='word_1_168' title='bbox 1234 2193 1401 2247; x_wconf 90' lang='lat' dir='ltr'>docuerunt</span> <span class='ocrx_word' id='word_1_169' title='bbox 1424 2192 1474 2245; x_wconf 93' lang='lat' dir='ltr'>Ti-</span> 
     </span>
     <span class='ocr_line' id='line_1_18' title="bbox 317 2297 1471 2375; baseline 0.001 -23"><span class='ocrx_word' id='word_1_170' title='bbox 317 2298 433 2353; x_wconf 93' lang='lat' dir='ltr'>bullum</span> <span class='ocrx_word' id='word_1_171' title='bbox 457 2304 488 2353; x_wconf 90' lang='lat' dir='ltr'>et</span> <span class='ocrx_word' id='word_1_172' title='bbox 509 2297 649 2353; x_wconf 91' lang='lat' dir='ltr'>Ovidium</span> <span class='ocrx_word' id='word_1_173' title='bbox 673 2299 806 2368; x_wconf 89' lang='lat' dir='ltr'>syllabas</span> <span class='ocrx_word' id='word_1_174' title='bbox 827 2305 897 2355; x_wconf 88' lang='lat' dir='ltr'>ante</span> <span class='ocrx_word' id='word_1_175' title='bbox 920 2302 958 2373; x_wconf 84' lang='lat' dir='ltr'>hl,</span> <span class='ocrx_word' id='word_1_176' title='bbox 984 2302 1038 2372; x_wconf 84' lang='lat' dir='ltr'>hm,</span> <span class='ocrx_word' id='word_1_177' title='bbox 1064 2302 1110 2373; x_wconf 79' lang='lat' dir='ltr'>ba,</span> <span class='ocrx_word' id='word_1_178' title='bbox 1135 2302 1176 2375; x_wconf 86' lang='lat' dir='ltr'>dl,</span> <span class='ocrx_word' id='word_1_179' title='bbox 1201 2302 1259 2373; x_wconf 84' lang='lat' dir='ltr'>dm,</span> <span class='ocrx_word' id='word_1_180' title='bbox 1276 2300 1326 2370; x_wconf 81' lang='lat' dir='ltr'>dr,</span> <span class='ocrx_word' id='word_1_181' title='bbox 1350 2299 1390 2370; x_wconf 75' lang='lat' dir='ltr'>pl,</span> <span class='ocrx_word' id='word_1_182' title='bbox 1414 2317 1471 2373; x_wconf 68' lang='lat' dir='ltr'>pm„</span> 
     </span>
     <span class='ocr_line' id='line_1_19' title="bbox 319 2405 1474 2479; baseline 0.002 -21"><span class='ocrx_word' id='word_1_183' title='bbox 319 2423 358 2475; x_wconf 79' lang='lat' dir='ltr'>pa</span> <span class='ocrx_word' id='word_1_184' title='bbox 379 2405 495 2475; x_wconf 90' lang='lat' dir='ltr'>positas</span> <span class='ocrx_word' id='word_1_185' title='bbox 515 2421 633 2475; x_wconf 88' lang='lat' dir='ltr'>semper</span> <span class='ocrx_word' id='word_1_186' title='bbox 653 2406 842 2479; x_wconf 84' lang='lat' dir='ltr'>produxisse,</span> <span class='ocrx_word' id='word_1_187' title='bbox 866 2424 964 2477; x_wconf 89' lang='lat' dir='ltr'>neque</span> <span class='ocrx_word' id='word_1_188' title='bbox 986 2410 1076 2464; x_wconf 90' lang='lat' dir='ltr'>aliter</span> <span class='ocrx_word' id='word_1_189' title='bbox 1091 2408 1164 2464; x_wconf 87' lang='lat' dir='ltr'>fecit</span> <span class='ocrx_word' id='word_1_190' title='bbox 1178 2409 1337 2463; x_wconf 79' lang='lat' dir='ltr'>MartiaIIs.</span> <span class='ocrx_word' id='word_1_191' title='bbox 1362 2407 1474 2463; x_wconf 85' lang='lat' dir='ltr'>Contra</span> 
     </span>
     <span class='ocr_line' id='line_1_20' title="bbox 315 2510 1471 2585; baseline 0.002 -22"><span class='ocrx_word' id='word_1_192' title='bbox 315 2510 365 2564; x_wconf 90' lang='lat' dir='ltr'>lex</span> <span class='ocrx_word' id='word_1_193' title='bbox 386 2511 611 2565; x_wconf 87' lang='lat' dir='ltr'>Woelffliniana</span> <span class='ocrx_word' id='word_1_194' title='bbox 633 2511 767 2578; x_wconf 82' lang='lat' dir='ltr'>(Archiv.</span> <span class='ocrx_word' id='word_1_195' title='bbox 791 2512 814 2565; x_wconf 80' lang='lat' dir='ltr'>f.</span> <span class='ocrx_word' id='word_1_196' title='bbox 838 2512 892 2567; x_wconf 92' lang='lat' dir='ltr'>lat.</span> <span class='ocrx_word' id='word_1_197' title='bbox 917 2514 990 2568; x_wconf 86' lang='lat' dir='ltr'>Lex.</span> <span class='ocrx_word' id='word_1_198' title='bbox 1015 2514 1089 2569; x_wconf 88' lang='lat' dir='ltr'>VIII</span> <span class='ocrx_word' id='word_1_199' title='bbox 1110 2531 1141 2584; x_wconf 85' lang='lat' dir='ltr'>p.</span> <span class='ocrx_word' id='word_1_200' title='bbox 1158 2515 1226 2585; x_wconf 78' lang='lat'>420,</span> <span class='ocrx_word' id='word_1_201' title='bbox 1243 2515 1330 2582; x_wconf 85' lang='lat'>1893)</span> <span class='ocrx_word' id='word_1_202' title='bbox 1342 2513 1471 2583; x_wconf 88' lang='lat' dir='ltr'>priorem</span> 
     </span>
     <span class='ocr_line' id='line_1_21' title="bbox 318 2616 1472 2689; baseline 0.001 -18"><span class='ocrx_word' id='word_1_203' title='bbox 318 2616 461 2672; x_wconf 87' lang='lat' dir='ltr'>adiectivi</span> <span class='ocrx_word' id='word_1_204' title='bbox 482 2618 533 2671; x_wconf 86' lang='lat' dir='ltr'>vel</span> <span class='ocrx_word' id='word_1_205' title='bbox 554 2617 739 2672; x_wconf 82' lang='lat' dir='ltr'>substantivi</span> <span class='ocrx_word' id='word_1_206' title='bbox 759 2621 837 2673; x_wconf 82' lang='lat' dir='ltr'>socri</span> <span class='ocrx_word' id='word_1_207' title='bbox 858 2620 1007 2689; x_wconf 84' lang='lat' dir='ltr'>syllabam</span> <span class='ocrx_word' id='word_1_208' title='bbox 1031 2637 1049 2674; x_wconf 89' lang='lat' dir='ltr'>a</span> <span class='ocrx_word' id='word_1_209' title='bbox 1071 2620 1193 2674; x_wconf 88' lang='lat' dir='ltr'>Tibullo</span> <span class='ocrx_word' id='word_1_210' title='bbox 1215 2624 1384 2689; x_wconf 84' lang='lat' dir='ltr'>correptam</span> <span class='ocrx_word' id='word_1_211' title='bbox 1405 2635 1472 2672; x_wconf 86' lang='lat' dir='ltr'>esse</span> 
     </span>
     <span class='ocr_line' id='line_1_22' title="bbox 314 2723 1472 2796; baseline 0.002 -20"><span class='ocrx_word' id='word_1_212' title='bbox 314 2724 340 2776; x_wconf 90' lang='lat' dir='ltr'>si</span> <span class='ocrx_word' id='word_1_213' title='bbox 364 2724 481 2793; x_wconf 87' lang='lat' dir='ltr'>syllaba</span> <span class='ocrx_word' id='word_1_214' title='bbox 501 2723 605 2785; x_wconf 62' lang='lat' dir='ltr'>altera,</span> <span class='ocrx_word' id='word_1_215' title='bbox 625 2725 715 2794; x_wconf 87' lang='lat' dir='ltr'>longa</span> <span class='ocrx_word' id='word_1_216' title='bbox 745 2729 847 2795; x_wconf 91' lang='lat' dir='ltr'>esset,</span> <span class='ocrx_word' id='word_1_217' title='bbox 872 2727 1069 2796; x_wconf 87' lang='lat' dir='ltr'>productam,</span> <span class='ocrx_word' id='word_1_218' title='bbox 1104 2727 1130 2780; x_wconf 89' lang='lat' dir='ltr'>si</span> <span class='ocrx_word' id='word_1_219' title='bbox 1152 2727 1217 2781; x_wconf 89' lang='lat' dir='ltr'>eius</span> <span class='ocrx_word' id='word_1_220' title='bbox 1248 2726 1348 2780; x_wconf 88' lang='lat' dir='ltr'>exitus</span> <span class='ocrx_word' id='word_1_221' title='bbox 1370 2725 1472 2779; x_wconf 89' lang='lat' dir='ltr'>brevis</span> 
     </span>
     <span class='ocr_line' id='line_1_23' title="bbox 314 2830 1472 2902; baseline 0.002 -19"><span class='ocrx_word' id='word_1_222' title='bbox 314 2830 469 2899; x_wconf 88' lang='lat' dir='ltr'>existeret,</span> <span class='ocrx_word' id='word_1_223' title='bbox 493 2847 582 2900; x_wconf 84' lang='lat' dir='ltr'>saepe</span> <span class='ocrx_word' id='word_1_224' title='bbox 603 2847 621 2885; x_wconf 88' lang='lat' dir='ltr'>a</span> <span class='ocrx_word' id='word_1_225' title='bbox 642 2832 781 2886; x_wconf 88' lang='lat' dir='ltr'>Martiale</span> <span class='ocrx_word' id='word_1_226' title='bbox 802 2832 940 2902; x_wconf 91' lang='lat' dir='ltr'>neglecta</span> <span class='ocrx_word' id='word_1_227' title='bbox 961 2837 1019 2889; x_wconf 68' lang='lat' dir='ltr'>estc</span> <span class='ocrx_word' id='word_1_228' title='bbox 1044 2838 1174 2888; x_wconf 86' lang='lat' dir='ltr'>ceterum</span> <span class='ocrx_word' id='word_1_229' title='bbox 1198 2849 1237 2886; x_wconf 90' lang='lat' dir='ltr'>ne</span> <span class='ocrx_word' id='word_1_230' title='bbox 1252 2833 1393 2887; x_wconf 92' lang='lat' dir='ltr'>Tibullus</span> <span class='ocrx_word' id='word_1_231' title='bbox 1408 2832 1472 2901; x_wconf 93' lang='lat' dir='ltr'>qui-</span> 
     </span>
     <span class='ocr_line' id='line_1_24' title="bbox 313 2937 1471 3011; baseline 0.001 -20"><span class='ocrx_word' id='word_1_232' title='bbox 313 2937 392 3008; x_wconf 88' lang='lat' dir='ltr'>dem,</span> <span class='ocrx_word' id='word_1_233' title='bbox 415 2942 450 2991; x_wconf 91' lang='lat' dir='ltr'>ut</span> <span class='ocrx_word' id='word_1_234' title='bbox 471 2938 606 2993; x_wconf 85' lang='lat' dir='ltr'>ostendit</span> <span class='ocrx_word' id='word_1_235' title='bbox 627 2939 698 2993; x_wconf 87' lang='lat' dir='ltr'>Rasi</span> <span class='ocrx_word' id='word_1_236' title='bbox 721 2939 812 3007; x_wconf 84' lang='lat' dir='ltr'>(Berl.</span> <span class='ocrx_word' id='word_1_237' title='bbox 838 2939 913 3009; x_wconf 90' lang='lat' dir='ltr'>phil.</span> <span class='ocrx_word' id='word_1_238' title='bbox 931 2941 1038 2996; x_wconf 90' lang='lat' dir='ltr'>Woch.</span> <span class='ocrx_word' id='word_1_239' title='bbox 1062 2957 1092 3010; x_wconf 90' lang='lat' dir='ltr'>p.</span> <span class='ocrx_word' id='word_1_240' title='bbox 1118 2942 1175 2995; x_wconf 81' lang='lat'>573</span> <span class='ocrx_word' id='word_1_241' title='bbox 1192 2957 1258 3009; x_wconf 88' lang='lat' dir='ltr'>sqq.</span> <span class='ocrx_word' id='word_1_242' title='bbox 1283 2941 1382 3011; x_wconf 76' lang='lat'>1907),</span> <span class='ocrx_word' id='word_1_243' title='bbox 1406 2956 1471 2993; x_wconf 88' lang='lat' dir='ltr'>eam</span> 
     </span>
     <span class='ocr_line' id='line_1_25' title="bbox 315 3044 1415 3115; baseline 0.004 -17"><span class='ocrx_word' id='word_1_244' title='bbox 315 3044 412 3115; x_wconf 90' lang='lat' dir='ltr'>legem</span> <span class='ocrx_word' id='word_1_245' title='bbox 435 3045 547 3113; x_wconf 89' lang='lat' dir='ltr'>ubique</span> <span class='ocrx_word' id='word_1_246' title='bbox 569 3046 714 3100; x_wconf 90' lang='lat' dir='ltr'>servavit.</span> <span class='ocrx_word' id='word_1_247' title='bbox 1412 3053 1415 3056; x_wconf 82' lang='grc'>’</span> 
     </span>
    </p>

    <p class='ocr_par' dir='ltr' id='par_1_8' title="bbox 312 3150 1473 3437">
     <span class='ocr_line' id='line_1_26' title="bbox 352 3150 1469 3234; baseline 0.001 -30"><span class='ocrx_word' id='word_1_248' title='bbox 352 3152 396 3203; x_wconf 92' lang='lat' dir='ltr'>III</span> <span class='ocrx_word' id='word_1_249' title='bbox 418 3151 518 3205; x_wconf 89' lang='lat' dir='ltr'>Pauca</span> <span class='ocrx_word' id='word_1_250' title='bbox 539 3150 576 3204; x_wconf 92' lang='lat' dir='ltr'>de</span> <span class='ocrx_word' id='word_1_251' title='bbox 597 3151 795 3221; x_wconf 90' lang='lat' dir='ltr'>productione</span> <span class='ocrx_word' id='word_1_252' title='bbox 816 3152 931 3207; x_wconf 88' lang='lat' dir='ltr'>vocalis</span> <span class='ocrx_word' id='word_1_253' title='bbox 945 3152 1048 3208; x_wconf 88' lang='lat' dir='ltr'>brevis</span> <span class='ocrx_word' id='word_1_254' title='bbox 1062 3154 1095 3207; x_wconf 94' lang='lat' dir='ltr'>in</span> <span class='ocrx_word' id='word_1_255' title='bbox 1110 3170 1232 3208; x_wconf 89' lang='lat' dir='ltr'>caesura</span> <span class='ocrx_word' id='word_1_256' title='bbox 1247 3153 1375 3207; x_wconf 87' lang='lat' dir='ltr'>dicenda</span> <span class='ocrx_word' id='word_1_257' title='bbox 1389 3156 1469 3234; x_wconf 88' lang='lat' dir='ltr'>sunt.</span> 
     </span>
     <span class='ocr_line' id='line_1_27' title="bbox 312 3230 1472 3330; baseline 0.001 -20"><span class='ocrx_word' id='word_1_258' title='bbox 312 3257 397 3311; x_wconf 88' lang='lat' dir='ltr'>Hanc</span> <span class='ocrx_word' id='word_1_259' title='bbox 417 3257 573 3311; x_wconf 87' lang='lat' dir='ltr'>licentiam</span> <span class='ocrx_word' id='word_1_260' title='bbox 594 3263 641 3312; x_wconf 89' lang='lat' dir='ltr'>ter</span> <span class='ocrx_word' id='word_1_261' title='bbox 662 3259 693 3311; x_wconf 88' lang='lat' dir='ltr'>iu</span> <span class='ocrx_word' id='word_1_262' title='bbox 715 3259 899 3314; x_wconf 90' lang='lat' dir='ltr'>hexametris</span> <span class='ocrx_word' id='word_1_263' title='bbox 931 3260 1079 3315; x_wconf 88' lang='lat' dir='ltr'>Martialis</span> <span class='ocrx_word' id='word_1_264' title='bbox 1104 3260 1289 3330; x_wconf 89' lang='lat' dir='ltr'>deprehendi</span> <span class='ocrx_word' id='word_1_265' title='bbox 1314 3230 1393 3330; x_wconf 77' lang='lat' dir='ltr'>(lusio</span> <span class='ocrx_word' id='word_1_266' title='bbox 1414 3258 1472 3313; x_wconf 90' lang='lat' dir='ltr'>VII</span> 
     </span>
     <span class='ocr_line' id='line_1_28' title="bbox 312 3358 1473 3437; baseline 0.003 -22"><span class='ocrx_word' id='word_1_267' title='bbox 312 3364 361 3433; x_wconf 80' lang='lat'>44,</span> <span class='ocrx_word' id='word_1_268' title='bbox 387 3368 403 3419; x_wconf 86' lang='lat'>1</span> <span class='ocrx_word' id='word_1_269' title='bbox 426 3367 457 3417; x_wconf 92' lang='lat' dir='ltr'>et</span> <span class='ocrx_word' id='word_1_270' title='bbox 478 3363 507 3416; x_wconf 92' lang='lat' dir='ltr'>X</span> <span class='ocrx_word' id='word_1_271' title='bbox 530 3365 578 3432; x_wconf 83' lang='lat'>89,</span> <span class='ocrx_word' id='word_1_272' title='bbox 603 3367 618 3417; x_wconf 95' lang='lat'>1</span> <span class='ocrx_word' id='word_1_273' title='bbox 637 3358 726 3434; x_wconf 76' lang='lat' dir='ltr'>potiit</span> <span class='ocrx_word' id='word_1_274' title='bbox 746 3366 774 3418; x_wconf 92' lang='lat' dir='ltr'>X</span> <span class='ocrx_word' id='word_1_275' title='bbox 797 3366 890 3436; x_wconf 82' lang='lat'>60‚1),</span> <span class='ocrx_word' id='word_1_276' title='bbox 925 3366 1017 3420; x_wconf 90' lang='lat' dir='ltr'>semel</span> <span class='ocrx_word' id='word_1_277' title='bbox 1042 3367 1074 3420; x_wconf 91' lang='lat' dir='ltr'>in</span> <span class='ocrx_word' id='word_1_278' title='bbox 1097 3371 1286 3437; x_wconf 82' lang='lat' dir='ltr'>pentametro</span> <span class='ocrx_word' id='word_1_279' title='bbox 1318 3365 1473 3435; x_wconf 78' lang='lat' dir='ltr'>(Caesarea</span> 
     </span>
    </p>
   </div>
   <div class='ocr_carea' id='block_1_5' title="bbox 311 3469 1472 3643">
    <p class='ocr_par' dir='ltr' id='par_1_9' title="bbox 311 3469 1472 3643">
     <span class='ocr_line' id='line_1_29' title="bbox 312 3469 1472 3543; baseline 0.003 -22"><span class='ocrx_word' id='word_1_280' title='bbox 312 3485 393 3522; x_wconf 86' lang='lat' dir='ltr'>acm.</span> <span class='ocrx_word' id='word_1_281' title='bbox 417 3470 495 3540; x_wconf 85' lang='lat' dir='ltr'>sing.</span> <span class='ocrx_word' id='word_1_282' title='bbox 513 3469 564 3540; x_wconf 88' lang='lat' dir='ltr'>Sp.</span> <span class='ocrx_word' id='word_1_283' title='bbox 582 3470 603 3524; x_wconf 89' lang='lat' dir='ltr'>l.</span> <span class='ocrx_word' id='word_1_284' title='bbox 628 3471 742 3541; x_wconf 60' lang='lat' dir='ltr'>asub).</span> <span class='ocrx_word' id='word_1_285' title='bbox 766 3471 927 3525; x_wconf 87' lang='lat' dir='ltr'>Praeterea</span> <span class='ocrx_word' id='word_1_286' title='bbox 942 3471 1060 3526; x_wconf 89' lang='lat' dir='ltr'>duobus</span> <span class='ocrx_word' id='word_1_287' title='bbox 1075 3472 1144 3527; x_wconf 87' lang='lat' dir='ltr'>aliis</span> <span class='ocrx_word' id='word_1_288' title='bbox 1158 3472 1242 3529; x_wconf 75' lang='lat' dir='ltr'>locisz</span> <span class='ocrx_word' id='word_1_289' title='bbox 1259 3475 1286 3526; x_wconf 92' lang='lat' dir='ltr'>ll</span> <span class='ocrx_word' id='word_1_290' title='bbox 1302 3474 1371 3543; x_wconf 87' lang='lat'>66,8</span> <span class='ocrx_word' id='word_1_291' title='bbox 1383 3473 1472 3542; x_wconf 76' lang='lat' dir='ltr'>dipsa</span> 
     </span>
     <span class='ocr_line' id='line_1_30' title="bbox 311 3571 1472 3643; baseline 0.003 -20"><span class='ocrx_word' id='word_1_292' title='bbox 311 3587 392 3623; x_wconf 92' lang='lat' dir='ltr'>nom.</span> <span class='ocrx_word' id='word_1_293' title='bbox 407 3571 485 3640; x_wconf 88' lang='lat' dir='ltr'>siug.</span> <span class='ocrx_word' id='word_1_294' title='bbox 502 3576 533 3625; x_wconf 91' lang='lat' dir='ltr'>et</span> <span class='ocrx_word' id='word_1_295' title='bbox 553 3571 580 3626; x_wconf 88' lang='lat' dir='ltr'><strong>V</strong></span> <span class='ocrx_word' id='word_1_296' title='bbox 603 3573 673 3635; x_wconf 86' lang='grc'><strong>69,3</strong></span> <span class='ocrx_word' id='word_1_297' title='bbox 688 3572 823 3626; x_wconf 79' lang='lat' dir='ltr'>Romana</span> <span class='ocrx_word' id='word_1_298' title='bbox 837 3589 899 3628; x_wconf 86' lang='lat' dir='ltr'>acc.</span> <span class='ocrx_word' id='word_1_299' title='bbox 916 3573 958 3642; x_wconf 88' lang='lat' dir='ltr'>pl.</span> <span class='ocrx_word' id='word_1_300' title='bbox 975 3575 1093 3643; x_wconf 89' lang='lat' dir='ltr'>syllaba</span> <span class='ocrx_word' id='word_1_301' title='bbox 1106 3574 1207 3629; x_wconf 85' lang='lat' dir='ltr'>finalis</span> <span class='ocrx_word' id='word_1_302' title='bbox 1222 3580 1327 3629; x_wconf 85' lang='lat' dir='ltr'>contra</span> <span class='ocrx_word' id='word_1_303' title='bbox 1338 3574 1472 3627; x_wconf 87' lang='lat' dir='ltr'>onmium</span> 
     </span>
    </p>
   </div>
   <div class='ocr_carea' id='block_1_6' title="bbox 308 3676 1472 4282">
    <p class='ocr_par' dir='ltr' id='par_1_10' title="bbox 311 3676 815 3747">
     <span class='ocr_line' id='line_1_31' title="bbox 311 3676 815 3747; baseline 0.008 -18"><span class='ocrx_word' id='word_1_304' title='bbox 311 3676 561 3731; x_wconf 87' lang='lat' dir='ltr'>consuetudinem</span> <span class='ocrx_word' id='word_1_305' title='bbox 583 3678 731 3747; x_wconf 88' lang='lat' dir='ltr'>producta</span> <span class='ocrx_word' id='word_1_306' title='bbox 758 3683 815 3733; x_wconf 84' lang='lat' dir='ltr'>est.</span> 
     </span>
    </p>

    <p class='ocr_par' dir='ltr' id='par_1_11' title="bbox 308 3781 1472 4282">
     <span class='ocr_line' id='line_1_32' title="bbox 350 3781 1472 3854; baseline 0.004 -18"><span class='ocrx_word' id='word_1_307' title='bbox 350 3781 404 3839; x_wconf 92' lang='lat' dir='ltr'>IV.</span> <span class='ocrx_word' id='word_1_308' title='bbox 432 3784 477 3837; x_wconf 94' lang='lat' dir='ltr'>De</span> <span class='ocrx_word' id='word_1_309' title='bbox 509 3801 565 3838; x_wconf 93' lang='lat' dir='ltr'>usu</span> <span class='ocrx_word' id='word_1_310' title='bbox 597 3785 808 3854; x_wconf 87' lang='lat' dir='ltr'>genetivorum</span> <span class='ocrx_word' id='word_1_311' title='bbox 824 3785 872 3851; x_wconf 67' lang='lat' dir='ltr'>⁸iu</span> <span class='ocrx_word' id='word_1_312' title='bbox 903 3787 949 3840; x_wconf 79' lang='lat' dir='ltr'>iao</span> <span class='ocrx_word' id='word_1_313' title='bbox 976 3787 1151 3841; x_wconf 90' lang='lat' dir='ltr'>exeuntium</span> <span class='ocrx_word' id='word_1_314' title='bbox 1185 3792 1324 3842; x_wconf 84' lang='lat' dir='ltr'>accurate</span> <span class='ocrx_word' id='word_1_315' title='bbox 1355 3787 1472 3841; x_wconf 90' lang='lat' dir='ltr'>Ritschl</span> 
     </span>
     <span class='ocr_line' id='line_1_33' title="bbox 311 3889 1471 3964; baseline 0.004 -21"><span class='ocrx_word' id='word_1_316' title='bbox 311 3889 432 3960; x_wconf 84' lang='lat' dir='ltr'>(Opuse.</span> <span class='ocrx_word' id='word_1_317' title='bbox 456 3891 487 3944; x_wconf 95' lang='lat' dir='ltr'>II</span> <span class='ocrx_word' id='word_1_318' title='bbox 507 3906 539 3960; x_wconf 89' lang='lat' dir='ltr'>p.</span> <span class='ocrx_word' id='word_1_319' title='bbox 564 3892 706 3962; x_wconf 78' lang='lat' dir='ltr'>osa-708)</span> <span class='ocrx_word' id='word_1_320' title='bbox 728 3891 874 3946; x_wconf 89' lang='lat' dir='ltr'>disseruit</span> <span class='ocrx_word' id='word_1_321' title='bbox 894 3892 1093 3962; x_wconf 88' lang='lat' dir='ltr'>probavitque</span> <span class='ocrx_word' id='word_1_322' title='bbox 1114 3893 1146 3947; x_wconf 92' lang='lat' dir='ltr'>in</span> <span class='ocrx_word' id='word_1_323' title='bbox 1167 3894 1230 3948; x_wconf 92' lang='lat' dir='ltr'>illis</span> <span class='ocrx_word' id='word_1_324' title='bbox 1250 3894 1401 3964; x_wconf 82' lang='lat' dir='ltr'>genetiuis</span> <span class='ocrx_word' id='word_1_325' title='bbox 1423 3895 1471 3950; x_wconf 81' lang='lat' dir='ltr'>oi-</span> 
     </span>
     <span class='ocr_line' id='line_1_34' title="bbox 310 3997 1471 4070; baseline 0.004 -20"><span class='ocrx_word' id='word_1_326' title='bbox 310 3997 429 4051; x_wconf 88' lang='lat' dir='ltr'>oeronis</span> <span class='ocrx_word' id='word_1_327' title='bbox 444 4001 543 4052; x_wconf 88' lang='lat' dir='ltr'>aetate</span> <span class='ocrx_word' id='word_1_328' title='bbox 564 4000 699 4052; x_wconf 86' lang='lat' dir='ltr'>vocalem</span> <span class='ocrx_word' id='word_1_329' title='bbox 720 3999 731 4052; x_wconf 85' lang='lat' dir='ltr'>i</span> <span class='ocrx_word' id='word_1_330' title='bbox 745 3998 808 4054; x_wconf 82' lang='lat' dir='ltr'>fere</span> <span class='ocrx_word' id='word_1_331' title='bbox 823 4016 942 4070; x_wconf 89' lang='lat' dir='ltr'>semper</span> <span class='ocrx_word' id='word_1_332' title='bbox 957 4005 1124 4069; x_wconf 88' lang='lat' dir='ltr'>correptam</span> <span class='ocrx_word' id='word_1_333' title='bbox 1139 3999 1245 4070; x_wconf 81' lang='lat' dir='ltr'>fuisse,</span> <span class='ocrx_word' id='word_1_334' title='bbox 1262 4005 1367 4055; x_wconf 90' lang='lat' dir='ltr'>contra</span> <span class='ocrx_word' id='word_1_335' title='bbox 1379 4000 1471 4065; x_wconf 80' lang='lat' dir='ltr'>Quin·</span> 
     </span>
     <span class='ocr_line' id='line_1_35' title="bbox 309 4101 1469 4177; baseline 0.006 -22"><span class='ocrx_word' id='word_1_336' title='bbox 309 4101 410 4156; x_wconf 88' lang='lat' dir='ltr'>tillani</span> <span class='ocrx_word' id='word_1_337' title='bbox 431 4103 619 4172; x_wconf 90' lang='lat' dir='ltr'>temporibus</span> <span class='ocrx_word' id='word_1_338' title='bbox 640 4105 737 4159; x_wconf 90' lang='lat' dir='ltr'>solum</span> <span class='ocrx_word' id='word_1_339' title='bbox 760 4105 892 4176; x_wconf 86' lang='lat' dir='ltr'>longam.</span> <span class='ocrx_word' id='word_1_340' title='bbox 918 4107 1018 4176; x_wconf 86' lang='lat' dir='ltr'>Atque</span> <span class='ocrx_word' id='word_1_341' title='bbox 1039 4105 1187 4160; x_wconf 86' lang='lat' dir='ltr'>Martialis</span> <span class='ocrx_word' id='word_1_342' title='bbox 1202 4123 1320 4177; x_wconf 88' lang='lat' dir='ltr'>semper</span> <span class='ocrx_word' id='word_1_343' title='bbox 1334 4109 1469 4162; x_wconf 88' lang='lat' dir='ltr'>vocalem</span> 
     </span>
     <span class='ocr_line' id='line_1_36' title="bbox 308 4208 1469 4282; baseline 0.006 -20"><span class='ocrx_word' id='word_1_344' title='bbox 308 4209 320 4263; x_wconf 86' lang='lat' dir='ltr'>i</span> <span class='ocrx_word' id='word_1_345' title='bbox 339 4208 495 4280; x_wconf 85' lang='lat' dir='ltr'>produxit,</span> <span class='ocrx_word' id='word_1_346' title='bbox 518 4210 570 4264; x_wconf 92' lang='lat' dir='ltr'>sed</span> <span class='ocrx_word' id='word_1_347' title='bbox 592 4211 673 4279; x_wconf 92' lang='lat' dir='ltr'>quod</span> <span class='ocrx_word' id='word_1_348' title='bbox 695 4216 743 4266; x_wconf 90' lang='lat' dir='ltr'>est</span> <span class='ocrx_word' id='word_1_349' title='bbox 764 4213 896 4282; x_wconf 73' lang='lat' dir='ltr'>alterius,</span> <span class='ocrx_word' id='word_1_350' title='bbox 920 4231 987 4268; x_wconf 91' lang='lat' dir='ltr'>cum</span> <span class='ocrx_word' id='word_1_351' title='bbox 1002 4213 1060 4268; x_wconf 92' lang='lat' dir='ltr'>hoc</span> <span class='ocrx_word' id='word_1_352' title='bbox 1074 4213 1200 4268; x_wconf 91' lang='lat' dir='ltr'>verbum</span> <span class='ocrx_word' id='word_1_353' title='bbox 1215 4213 1247 4267; x_wconf 90' lang='lat' dir='ltr'>in</span> <span class='ocrx_word' id='word_1_354' title='bbox 1262 4215 1469 4269; x_wconf 86' lang='lat' dir='ltr'>hexametrum</span> 
     </span>
    </p>
   </div>
   <div class='ocr_carea' id='block_1_7' title="bbox 0 0 1650 5176">
    <p class='ocr_par' dir='ltr' id='par_1_12' title="bbox 0 0 1650 5176">
     <span class='ocr_line' id='line_1_37' title="bbox 0 0 1650 5176; baseline 0 3"><span class='ocrx_word' id='word_1_355' title='bbox 0 0 1650 5176; x_wconf 95' lang='lat' dir='ltr'> </span> 
     </span>
    </p>
   </div>
  </div>
 </body>
</html>
