3292 5176
723 452 897 510 ,51-

282 629 338 683 III.
362 627 468 684 Graeci
489 627 604 682 nullam
626 627 781 698 phalaeoei
802 633 913 682 norunt
935 644 1088 683 caesuram
1111 627 1184 697 (Gir.
1208 629 1246 682 U.
1270 628 1308 683 de
1331 627 1394 682 Wi-

241 734 646 807 lamowitz-Moellendorff,
671 734 717 788 De
739 750 830 788 versu
850 735 1022 805 phalaeeeo,
1046 733 1199 802 Melanges
1227 733 1317 803 Weil,
1341 734 1397 788 Pa-

244 839 285 895 ris
302 841 390 910 1898,
406 857 437 910 p.
454 842 511 894 451
528 858 559 897 u.
577 841 617 912 1),
634 845 666 894 at
680 839 807 894 Romani
827 839 1005 910 plerumque
1020 846 1088 911 post
1102 840 1183 894 arsin
1205 839 1288 894 tertii
1309 840 1396 910 pedis

244 951 299 1002 aut
312 951 381 1017 post
396 947 562 1002 seeundum
577 944 685 1018 pedem
699 946 882 1001 inciderunt.
900 947 1044 1016 Equidem
1061 946 1141 1017 apud
1157 947 1324 1001 Martialem
1343 948 1396 1001 has

242 1053 361 1110 formas,
374 1053 498 1110 invenit

283 1160 320 1229 Α)
342 1157 472 1214 (laesura
494 1159 729 1232 semiquinaria,
754 1160 803 1215 cui
824 1176 913 1230 saepe
939 1164 973 1213 ut
997 1159 1178 1215 subsidiaria
1198 1159 1307 1215 incisio
1328 1165 1397 1230 post

243 1265 408 1320 seeundum
429 1264 534 1335 pedem
559 1265 664 1321 addita
685 1273 740 1322 est.
765 1268 830 1321 Hoe
850 1272 896 1322 est
917 1265 1104 1335 exemplum:

381 1476 447 1550 Sili,
471 1475 656 1532 Castalidum
678 1478 769 1533 decus
790 1494 936 1535 sororum.

285 1691 321 1762 B)
344 1688 476 1745 (laesura
496 1695 565 1761 post
586 1690 751 1747 seeundum
772 1689 890 1759 pedem,
914 1689 999 1743 cuius
1021 1689 1077 1743 hoa
1097 1693 1144 1743 est
1164 1688 1350 1760 exemplum:

382 1883 444 1934 tam
465 1897 526 1935 nou
550 1880 657 1935 invida
677 1884 799 1949 tamque
822 1877 966 1949 liberalis,

1174 2003 1217 2023 N

281 2090 375 2161 Saepe
403 2089 580 2145 auxiliariae
614 2091 680 2145 loeo
711 2090 926 2161 semiquinaria
952 2107 1007 2161 per
1028 2089 1137 2144 tmesin
1161 2090 1217 2144 hae
1248 2087 1397 2143 informa

240 2195 407 2266 Invenitur,
430 2195 531 2251 velut:

381 2385 466 2456 puris
486 2385 596 2445 leuiter
617 2386 818 2441 admoventur
839 2387 939 2442 astris.

282 2602 382 2670 Atque
396 2601 466 2656 huie
480 2602 595 2658 formae
616 2600 736 2657 reddidi
750 2619 856 2658 versus
871 2620 1000 2674 quoque,
1017 2603 1079 2675 qui,
1102 2607 1222 2672 praeter
1243 2617 1395 2657 caesuram

242 2713 311 2778 post
326 2710 490 2763 seeundum
506 2709 611 2779 pedem
628 2708 769 2779 positam,
785 2709 961 2764 incisionem
977 2708 1221 2780 semiquinariam
1237 2709 1394 2778 praebent,

243 2815 296 2869 sed
317 2820 352 2870 ut
372 2814 557 2886 praepositio
578 2833 597 2870 a
618 2832 672 2870 suo
694 2831 765 2871 casu
785 2816 957 2871 divellatur.
971 2818 1055 2882 Tale
1076 2820 1124 2871 est
1142 2814 1333 2884 exemplum:

383 3000 435 3070 qui
456 3000 496 3056 sit
517 3001 678 3056 Postumus
699 3002 732 3056 in
752 3018 820 3056 meo
842 3001 955 3058 libello.

283 3211 410 3266 Formae
430 3212 458 3266 A
480 3217 511 3267 et
533 3213 557 3266 B
578 3210 668 3282 longe
689 3211 823 3267 omnium
851 3211 1112 3282 frequentissimae
1140 3218 1230 3284 sunt,
1254 3213 1395 3283 quoniam

242 3321 362 3372 exstant
383 3317 415 3372 in
436 3335 487 3372 vv.
512 3319 638 3373 1879:
653 3314 805 3396 90‚77⁰f0.
829 3320 916 3375 Nune
937 3320 1069 3389 reliquas
1091 3320 1259 3375 videamus.

282 3503 315 3573 0)
337 3503 468 3561 (laesura
489 3512 558 3577 post
578 3506 702 3562 tertium
723 3507 833 3577 pedem
854 3508 964 3578 posita,
988 3507 1073 3563 euius
1093 3509 1168 3564 lraeo
1189 3513 1236 3563 est
1255 3509 1367 3564 forma:

381 3719 476 3774 sentit
496 3719 712 3789 tristitiamque
733 3719 946 3790 gaudiumque.

279 3931 318 4001 D)
340 3930 471 3987 (laesura
491 3938 561 4003 post
581 3933 706 3988 tertium
722 3935 842 4005 pedem,
859 3934 962 3990 addita
976 3934 1184 3991 semiternaria
1198 3935 1263 3990 sive
1276 3935 1395 4006 integra

243 4037 308 4093 sive
329 4055 384 4109 por
405 4039 527 4095 tmesin.
551 4041 659 4096 Forma
680 4046 727 4096 est
747 4042 835 4097 talis:

382 4253 442 4324 eui,
465 4253 561 4309 lector
582 4253 726 4330 studiose,
750 4256 830 4330 quod
851 4255 973 4319 dedisti,
