3292 5176
815 491 989 550 ..14-

323 662 355 719 in
378 663 416 719 iis
437 681 557 735 quoquc
578 666 727 737 versibus,
745 668 777 722 iu
799 666 908 737 quibus
929 665 1007 722 levis
1028 666 1175 736 quaedam
1197 667 1403 737 interpunctio
1423 674 1477 724 aut

324 770 473 826 scrmonis
495 775 655 826 contextus
677 773 806 841 quodam
828 771 917 827 modo
939 787 1107 843 repugnare
1129 773 1278 844 videatur,
1301 772 1401 830 velut:

442 961 522 1023 optat
541 960 570 1008 ot
588 959 720 1008 obscuras
738 959 814 1008 luces
832 961 990 1022 ventosque
1008 960 1145 1022 nivesque
1165 959 1215 1022 (VI
1235 958 1310 1021 eas)

512 1272 601 1322 leniat
621 1275 653 1322 ut
672 1272 767 1322 fauces
787 1272 923 1339 medicus,
943 1286 1013 1334 quas
1032 1285 1131 1335 aspera
1149 1275 1235 1323 vexat

582 1370 699 1421 adsidue
718 1370 816 1437 tussis,
835 1370 1057 1433 Parthenopaeo,
1078 1370 1144 1436 tibi,

511 1469 594 1519 mella
613 1468 675 1518 dari
695 1468 864 1531 nucleosque
884 1467 963 1517 iubet
982 1472 1036 1519 etc.
1057 1467 1191 1535 (X186‚l
1211 1470 1287 1532 sqq.)

323 1618 374 1674 ubi
395 1618 472 1676 illud
500 1621 625 1676 caudicae
652 1637 721 1676 oum
743 1637 778 1676 eo
799 1620 880 1690 quod
901 1623 948 1675 est
968 1620 1045 1674 iubet
1069 1619 1274 1694 coniungitur,
1297 1622 1378 1677 unde
1406 1624 1475 1679 sub-

320 1724 478 1781 distinctio
506 1731 575 1798 post
595 1727 757 1797 septimum
779 1725 961 1798 semipedem
984 1726 1083 1797 posita
1107 1743 1169 1780 non
1190 1726 1291 1782 obstat
1315 1728 1476 1798 quominus

319 1837 391 1902 post
411 1832 488 1888 illud
503 1834 608 1904 furaces
629 1833 807 1889 incisionem
830 1833 973 1888 maiorem
996 1837 1175 1889 statuamus.

359 1939 418 1996 Sed
440 1945 542 1997 tamen
564 1958 689 1998 caesura
712 1941 927 2012 semiquinaria
947 1942 1160 2012 posthabenda
1188 1949 1326 2017 osteum
1352 1945 1475 2016 gravius

317 2054 386 2120 post
408 2051 490 2106 arsin
512 2052 611 2122 quarti
634 2051 721 2124 pedis
743 2051 971 2124 interpungitur
992 2055 1045 2108 aut
1073 2051 1099 2106 si
1123 2052 1219 2108 totius
1240 2053 1385 2109 orationis
1405 2052 1475 2109 finis

319 2155 349 2210 id
372 2158 517 2229 postulat.
539 2159 605 2215 Hoc
626 2164 672 2214 est
694 2160 882 2229 exemplum:

437 2320 580 2370 masculus
600 2320 723 2372 intravit
741 2319 838 2370 sontis:
860 2319 977 2368 emersit
997 2321 1150 2383 utrumque
1169 2321 1247 2384 (XIV
1261 2320 1362 2384 174,1).

357 2470 473 2535 Quibus
494 2473 650 2545 expositis,
670 2472 769 2528 facilis
791 2476 837 2526 est
859 2472 1035 2527 coniectura
1048 2489 1109 2527 uon
1124 2473 1229 2528 deesse
1243 2489 1349 2529 versus
1363 2475 1396 2529 in
1410 2475 1475 2544 qui-

320 2577 377 2632 bus
398 2577 451 2632 vix
472 2578 631 2634 dIIudicari
659 2578 755 2649 possit
782 2582 850 2632 utra
875 2577 983 2632 incisio
1006 2578 1046 2632 sit
1071 2580 1294 2648 anteponenda.
1320 2581 1361 2634 Ut
1382 2579 1476 2650 igitur

319 2684 395 2740 viris
416 2686 513 2742 doctis
535 2703 617 2742 meos
646 2703 787 2742 nurnreros
809 2687 958 2757 corrigere
979 2686 1080 2759 liceat,
1104 2703 1184 2740 nune
1206 2704 1257 2742 eos
1277 2705 1384 2743 versus
1404 2689 1474 2743 affe-

317 2811 393 2867 ram,
416 2794 526 2862 quibus
547 2772 696 2849 nou'sine
717 2793 819 2862 aliqua
841 2791 1031 2848 dubitatione
1054 2809 1207 2849 caesuram
1230 2794 1476 2864 semiquinariam

316 2900 421 2957 tribui.
447 2901 487 2956 Hi
508 2907 600 2957 sunt:
625 2902 639 2955 Ι
661 2903 744 2974 39,5;
772 2902 855 2973 44,1;
881 2903 964 2974 76‚3;
989 2902 1233 2974 87‚7;11194,1;
1257 2903 1284 2957 V
1307 2905 1409 2974 22‚11;
1432 2903 1476 2959 VI

318 3008 401 3078 35‚3;
425 3009 509 3080 43,5;
534 3010 617 3079 93,3;
635 3008 792 3080 V1118,5;
810 3009 884 3065 VIII
908 3010 991 3081 30,3;
1009 3009 1092 3081 41,3;
1109 3009 1153 3062 IX
1166 3010 1230 3081 8‚1;
1247 3009 1330 3081 49‚3;
1347 3011 1376 3064 X
1390 3012 1473 3084 54‚1;

317 3115 361 3169 XI
383 3115 465 3184 99,8;
489 3116 549 3171 XII
572 3117 654 3188 28,3;
678 3116 753 3169 XIII
775 3116 859 3186 54‚1;
883 3116 956 3170 XIV
979 3116 1061 3187 80,1.

361 3221 504 3291 Sequitur
525 3238 648 3277 caesura
669 3222 947 3292 hephthemimeres
962 3221 1027 3276 sive
1043 3221 1302 3295 semiseptenaria,
1320 3228 1389 3293 post
1411 3240 1478 3294 sep·

320 3329 428 3384 timum
451 3329 635 3401 semipedem
656 3331 765 3401 posita,
789 3346 879 3399 quam
901 3327 1050 3384 Martialis
1077 3344 1242 3398 numquam
1270 3330 1364 3384 solani
1389 3331 1475 3386 adhi-

319 3435 397 3507 buit,
422 3435 475 3490 sed
496 3436 566 3491 aliis
587 3437 719 3492 caesuris
741 3453 859 3506 semper
879 3435 1009 3491 adiuvit.

358 3542 402 3596 Ac
422 3541 552 3612 primunr
575 3542 696 3612 quidem
717 3540 891 3597 invenimus
912 3541 1191 3613 senriseptenariam
1209 3561 1276 3599 cum
1299 3545 1476 3600 semiterna·

320 3648 364 3703 ria
384 3664 445 3703 nna
466 3665 534 3703 cnm
555 3649 614 3702 tine
637 3646 723 3703 verbi
742 3652 812 3718 post
833 3647 955 3703 tertium
979 3649 1175 3721 trochaeum,
1198 3650 1285 3705 euius
1305 3651 1476 3721 exemplum

318 3761 366 3811 est
387 3757 460 3812 hoc:

440 3930 515 3966 nunc
533 3916 647 3969 hilares.
668 3917 692 3965 si
711 3917 825 3978 quando
843 3917 925 3982 mihi,
945 3931 1021 3966 nune
1040 3918 1141 3983 ludite,
1162 3919 1422 3985 Musae(V118,l).

358 4095 395 4148 In
416 4093 555 4147 versibus
572 4092 722 4147 eiusmodi
742 4092 850 4148 incisio
871 4099 939 4164 post
960 4093 1084 4150 tertium
1106 4097 1280 4151 trochaeum
1299 4095 1476 4151 serpiterna·

318 4201 393 4257 riac.
417 4207 543 4271 utraque
565 4202 832 4273 senrisepteuariae
853 4204 1064 4276 postponenda
1084 4209 1142 4262 est.

359 4309 509 4365 Pmobent
530 4310 607 4366 hane
628 4309 756 4366 formum
778 4327 884 4367 versus
904 4311 951 4369 hi:
