3292 5176
748 456 921 553 ..73-

258 630 346 689 trihr.
371 631 398 704 (I
419 631 535 706 saal,
560 632 618 704 373
645 636 695 704 39)
718 639 849 692 exstant.
873 636 909 690 In
929 636 1022 690 tertia
1044 633 1114 691 sede
1142 632 1253 706 viginti
1280 632 1415 706 quinque

255 739 381 812 spondei
402 739 518 811 insunt,
543 757 596 796 sex
616 741 711 796 iambi
732 743 758 812 (Ι
781 743 883 813 49,33;
909 743 957 813 393
981 742 1131 814 11114,1;
1155 743 1199 798 XI
1220 744 1303 816 sai,
1328 744 1411 814 77,1;

255 850 297 919 3),
321 849 381 903 duo
402 847 516 916 dactyli
540 849 564 918 (I
586 850 657 918 49,3
680 852 711 903 et
725 851 766 918 5).
782 849 818 903 In
833 849 941 918 quinta
955 849 1150 920 sedaviginti
1166 854 1309 918 quattuor
1323 866 1412 920 spou-

254 954 304 1010 dei
326 954 530 1025 reperiuntur,
553 953 687 1024 quinque
708 954 801 1009 iambi
821 954 848 1025 (Ι
870 955 953 1026 49,1;
979 954 1007 1026 33
1031 957 1061 1026 93
1078 955 1121 1011 VI
1143 957 1225 1026 12,2;
1248 955 1292 1009 XI
1314 954 1411 1026 71,3),

253 1065 397 1130 quauuor
416 1059 574 1131 anapaesti
593 1056 623 1137 (1
645 1062 748 1134 4129,
773 1062 822 1131 333
847 1062 896 1131 413
920 1061 965 1115 XI
986 1060 1082 1131 59,1).

292 1171 495 1224 Transeamus
515 1185 597 1223 nunc
617 1169 656 1223 ad
676 1184 827 1224 caesuras.
851 1167 953 1223 Vicies
973 1167 1068 1223 octies
1092 1182 1247 1224 caesuram
1269 1169 1410 1240 semiqui-

252 1274 368 1331 nariam
390 1275 495 1330 inveni
516 1275 566 1331 vel
588 1275 683 1330 solam
704 1274 755 1328 vel
776 1273 880 1329 addita
901 1275 987 1329 velut
1001 1274 1184 1330 subsidiaria
1198 1276 1409 1332 semiternaria

252 1388 306 1436 aut
326 1381 585 1453 semiseptenaria,
597 1379 759 1450 quinquies
775 1381 802 1449 (Ι
816 1381 919 1451 49,17;
935 1381 984 1451 293
999 1381 1048 1451 333
1062 1381 1106 1436 XI
1117 1383 1200 1452 77,1;
1225 1382 1252 1452 3)
1268 1382 1411 1453 semisep-

251 1489 411 1544 tenariam.

291 1593 409 1650 Deinde
431 1593 572 1649 elisiones
593 1610 670 1663 quae
692 1593 814 1664 proprio
829 1593 951 1648 nomine
967 1597 1114 1648 vocantur
1127 1592 1175 1648 his
1188 1592 1263 1650 locis
1277 1599 1409 1651 exstant=

250 1699 283 1755 in
302 1700 401 1772 primo
421 1699 499 1771 pede
522 1701 535 1754 l
557 1701 649 1770 49,23
671 1701 712 1755 ibi
732 1701 884 1771 ialipatae,
909 1700 940 1754 in
962 1700 1094 1756 secundo
1117 1700 1194 1771 pede
1216 1702 1230 1755 I
1252 1703 1343 1769 49,27
1365 1703 1406 1756 ei-

250 1809 319 1862 ciao
339 1808 381 1880 ia,
405 1806 437 1861 in
458 1811 567 1877 quarto
579 1807 656 1877 pede
676 1806 691 1859 I
713 1807 805 1875 49,37
820 1806 932 1876 pronde
947 1812 984 1875 et,
1007 1807 1040 1861 in
1054 1805 1160 1876 quinto
1181 1807 1258 1877 pede
1279 1807 1293 1860 Ι
1317 1808 1406 1877 49,19

251 1912 354 1967 broma
375 1914 527 1984 impeterem
549 1913 605 1967 hoc
627 1912 694 1966 loco
715 1910 900 1981 aphaeresis:
923 1911 956 1964 in
987 1911 1094 1980 quinto
1114 1912 1192 1982 pede
1213 1912 1228 1965 I
1249 1912 1341 1982 49,41
1363 1929 1407 1967 re·

250 2019 336 2072 licam
357 2024 409 2074 eet.
442 2018 604 2073 Praeterea
635 2015 747 2087 viginti
768 2031 876 2070 versus
896 2015 1048 2085 bisyllabo
1081 2016 1275 2085 clauduntur,
1298 2034 1407 2073 novem

248 2124 419 2194 trisyllaba,
442 2129 586 2195 quattuor
606 2122 818 2192 tetrasyllabo:
841 2129 873 2178 at
894 2126 1039 2193 quattuor
1052 2139 1158 2178 versus
1181 2123 1207 2195 (I
1229 2124 1331 2195 49,18;
1358 2127 1406 2196 213

250 2230 368 2302 315111
400 2231 484 2303 14,3)
506 2229 604 2285 vocali
637 2229 724 2284 brevi
745 2234 851 2300 aperta
872 2229 1032 2285 finiuntur.
1066 2227 1203 2297 Denique
1235 2229 1320 2287 nullo
1342 2231 1408 2286 loco

248 2352 303 2406 pro
324 2335 443 2406 syllaba
456 2335 547 2406 longa
570 2334 717 2390 Martialis
739 2333 868 2389 subiecit
890 2333 965 2388 duas
980 2334 1104 2389 ultimas
1118 2334 1226 2389 breves
1240 2335 1326 2391 verbi
1340 2336 1409 2407 plus

248 2458 338 2512 quam
354 2441 498 2512 bisyllabi
512 2447 565 2496 aut
594 2441 731 2496 ultimam
751 2441 875 2496 brevem
899 2440 984 2496 verbi
1004 2441 1073 2511 plus
1094 2456 1182 2510 quam
1206 2442 1408 2511 monosyllabi

247 2559 309 2599 una
329 2560 398 2598 cum
410 2542 510 2614 prima
522 2542 610 2597 brevi
626 2541 713 2596 verbi
728 2541 882 2611 sequentis
903 2559 960 2596 nee
980 2558 1121 2611 umquam
1156 2540 1309 2597 senarium
1330 2542 1404 2598 iam-

247 2650 347 2706 bicum
369 2650 414 2705 ita
435 2648 595 2705 constituit
615 2653 650 2703 ut
669 2653 738 2720 post
759 2648 895 2720 singulos
915 2649 1008 2720 pedes
1029 2650 1123 2704 verba
1143 2649 1256 2704 finiret.

287 2756 370 2822 Quae
391 2774 459 2812 cum
474 2757 519 2812 ita
533 2755 605 2826 sint,
623 2754 716 2812 etiam
731 2754 763 2808 in
778 2754 906 2810 senariis
920 2754 1058 2810 iambicis
1072 2755 1210 2826 exempla
1225 2755 1408 2829 optimorum

246 2869 405 2934 poctarum
426 2863 574 2919 Martialis
595 2867 716 2919 secutus
738 2867 795 2917 est.

286 2971 340 3027 IV.
364 2972 429 3026 Iam
450 2977 545 3027 restat
565 2977 601 3026 ut
621 2971 659 3026 de
689 2987 781 3027 versu
813 2969 937 3025 sotadeo
958 2970 1113 3041 dicamus,
1137 2987 1226 3040 quem
1254 2970 1402 3026 Martialis

246 3077 341 3134 semel
361 3077 503 3132 adhibuit
524 3068 580 3146 (ΙΙΙ
602 3078 665 3144 29).
688 3076 766 3132 Sunt
786 3075 910 3131 omnino
931 3076 992 3132 duo
1013 3093 1119 3132 versus
1140 3093 1267 3145 quorum
1282 3078 1403 3132 schema

246 3185 303 3240 hoc
324 3189 392 3240 est:

544 3387 1106 3468 ι-υυῶ-νυΙέν-υέ-

284 3610 397 3668 Versus
417 3611 558 3666 sotadeus
579 3611 697 3666 duobus
718 3610 856 3667 dimetris
878 3611 986 3666 ionicis
1008 3615 1137 3679 constat,
1168 3627 1296 3680 quorum
1320 3626 1398 3665 unus

248 3720 443 3790 acatalectus,
460 3719 537 3774 alter
552 3719 745 3774 catalecticus
769 3726 825 3792 est,
850 3719 903 3774 sed
917 3719 1056 3774 omnibus
1071 3718 1193 3774 sedibus
1214 3718 1405 3773 ditrochaeus

242 3825 336 3896 recipi
356 3830 468 3896 potest.
491 3824 533 3879 At
552 3829 660 3896 poetae
681 3825 769 3880 latini
791 3824 851 3879 iam
872 3841 890 3878 a
911 3824 1046 3880 Petronii
1060 3830 1159 3880 aetate
1174 3825 1207 3879 in
1222 3825 1314 3880 tertia
1328 3824 1400 3879 sede

241 3937 361 3989 tantum
383 3933 591 3989 ditrochaeum
621 3938 789 4004 posuerunt
821 3933 885 4004 (Cfr
906 3931 1063 3989 Gladitsch
1084 3934 1107 3990 l.
1130 3933 1152 3989 l.
1185 3949 1217 4003 p.
1242 3933 1300 3987 290
1323 3933 1396 4001 sq.),

241 4057 368 4110 quorum
390 4040 638 4096 consuetudinem
661 4040 810 4095 Martialis
831 4040 976 4096 servavit.
1000 4040 1131 4096 Caesura
1146 4046 1215 4111 post
1237 4040 1401 4096 dimetrum

245 4148 388 4220 priorem,
411 4154 447 4204 ut
466 4166 521 4221 par
542 4154 599 4220 111,
624 4148 790 4205 invenitur.

720 4316 931 4327 ——-—..
