3316 5160
730 445 904 504 ..52-

281 620 316 690 Ε)
336 617 466 674 Caesare
486 625 555 690 post
577 618 699 675 tertiam
722 620 829 690 pedem
850 637 912 676 una
929 636 997 676 cum
1012 619 1158 675 incisione
1179 621 1248 690 post
1268 616 1393 673 secundi

241 724 327 796 pedis
349 726 522 780 trochaeum
545 724 610 780 sive
633 724 752 796 integra
765 726 830 780 sive
851 742 905 796 per
926 724 1047 782 tmesin.
1061 726 1126 780 Hoc
1147 728 1194 779 est
1214 722 1395 794 exemplum:

382 939 438 992 hoc
459 937 485 992 si
504 943 611 1007 terque
633 942 800 1008 quaterque
820 937 996 993 clamitatis.

283 1153 317 1223 F)
339 1152 471 1208 ansnra
492 1150 711 1222 semiternaria‚
735 1153 820 1207 onius
842 1153 1012 1223 exemplum
1034 1157 1081 1208 est
1100 1154 1157 1208 boc
1179 1168 1288 1208 unum:

386 1369 420 1418 tu
442 1363 561 1419 Cannas
582 1363 881 1432 Mithridaticumque
902 1363 1014 1418 bellum
1037 1363 1091 1434 (VI
1113 1365 1205 1435 las).

285 1576 321 1648 G)
344 1577 474 1633 Caesura
495 1575 753 1649 semiseptenaria,
778 1591 867 1645 qnam
889 1576 1015 1645 praebet
1035 1593 1113 1631 nnus
1134 1593 1257 1632 versus:

384 1810 445 1847 non
466 1797 538 1847 sumt
558 1790 764 1862 papilionibus
785 1792 904 1846 molesti
927 1792 997 1862 (XII
1019 1784 1112 1864 6'1,6).

286 2005 325 2076 Η)
348 2003 478 2059 caesura
499 2000 709 2057 semiternaria
730 2018 790 2057 una
811 2019 876 2057 eum
900 2001 1158 2072 semiseptenaria,
1171 2001 1258 2056 cuius
1277 2001 1334 2055 hoc
1354 2005 1401 2055 est

247 2111 418 2179 exemplum
429 2127 437 2163 ι

388 2323 504 2394 argutis
525 2322 764 2393 epigrammaton
784 2322 906 2378 libellis.

290 2540 314 2610 Ι)
336 2538 466 2593 (laesura
481 2535 739 2610 semiseptenaria,
756 2536 805 2592 cui
826 2537 931 2592 addita
945 2543 991 2593 est
1009 2537 1117 2594 incisio
1130 2544 1199 2609 post
1214 2537 1337 2594 secundi
1350 2555 1401 2610 pe·

250 2647 297 2702 dis
319 2646 503 2701 trochaeum.
527 2642 610 2698 Haec
632 2647 679 2698 est
699 2642 812 2700 forma:

390 2862 421 2913 et
441 2874 515 2928 quas
536 2857 625 2911 docta
647 2855 790 2926 Neapolis
811 2856 935 2912 creavit.

289 3075 325 3146 L)
347 3074 477 3128 Caesura
498 3070 745 3140 semiseptenaria
765 3087 826 3126 una
854 3088 922 3126 cum
948 3071 1158 3128 semiternam‘a
1185 3090 1240 3144 per
1268 3073 1400 3144 tmesin,

251 3196 341 3250 quam
362 3177 495 3233 ostendit
515 3193 622 3232 versus
642 3176 709 3232 bic:

391 3393 518 3447 Hermes
539 3389 755 3461 subpositicius
777 3389 835 3445 sibi
860 3389 926 3461 ipse
948 3391 986 3461 (V
1009 3393 1102 3464 24‚8).

290 3610 330 3679 M)
346 3608 476 3662 Caesura
497 3606 744 3677 semiseptenaria
758 3621 819 3660 uua
837 3623 904 3660 cum
920 3604 1068 3663 incisione
1083 3614 1153 3678 post
1166 3609 1331 3665 secundum
1352 3626 1403 3680 pe-

250 3715 318 3770 dem
340 3730 394 3784 per
414 3712 534 3785 tmesin‚
559 3712 644 3768 cuius
664 3729 757 3768 unum
779 3712 951 3782 exemplum
972 3718 1034 3768 est:

391 3931 510 3997 spectas
531 3925 772 3999 escbatocollion‚
795 3926 905 3983 Severe
927 3929 968 3998 (II
990 3929 1063 4000 6,3).

292 4141 391 4214 Atque
412 4141 531 4197 numeri
551 4158 627 4212 quos
647 4141 750 4196 inveni
771 4141 803 4199 hi
825 4147 914 4202 sunt:
