3292 5176
662 479 836 537 -13-

207 658 319 712 Conna
339 655 436 711 multo
456 655 552 710 maior
572 672 716 712 numerus
737 659 784 710 est
804 652 1002 709 distichorum
1016 654 1068 724 qui
1083 659 1244 727 utrumque
1260 678 1326 716 ver-

166 780 232 818 sum
253 779 382 832 aequum
404 760 564 816 exhibent:
587 779 658 816 nam
679 778 717 816 ex
739 762 814 815 1447
837 761 1022 816 hexametris
1042 762 1147 831 aequis
1163 765 1220 818 876
1235 764 1328 822 idest

167 871 258 941 60,54
273 864 312 945 ⁰s0
333 871 558 939 pentametrum
580 868 714 922 eiusdem
736 868 857 938 genens
878 868 936 922 sibi
957 868 1137 938 adiungunt.
1156 869 1220 941 (Sp.
1237 871 1258 926 l.
1274 874 1324 945 32,

165 978 180 1031 I
202 978 250 1046 64,
274 977 305 1030 II
327 978 376 1048 47,
400 976 446 1030 III
467 976 517 1046 46,
542 975 585 1031 IV
607 977 656 1045 49,
680 975 708 1030 V
729 977 778 1049 48,
803 977 846 1031 VI
868 977 926 1048 54,
950 976 1008 1030 VII
1032 978 1088 1046 60,
1113 977 1188 1032 VIII
1210 981 1260 1052 79,
1283 980 1328 1034 IX

169 1085 239 1155 1015
263 1084 292 1137 X
315 1085 365 1154 713
388 1083 432 1136 XI
455 1084 503 1154 74,
528 1083 588 1136 XII
609 1083 659 1151 44,
683 1082 759 1136 XIII
780 1084 830 1152 42,
854 1081 927 1137 XIV
950 1083 1011 1152 65).

204 1189 287 1255 Quae
309 1206 377 1243 oum
398 1188 442 1244 ita
463 1189 535 1261 sint,
560 1205 598 1242 ne
620 1188 717 1243 altera
738 1187 860 1258 quidem
882 1189 931 1242 lex
953 1189 1175 1260 Hultgreniana
1198 1193 1266 1262 (1.1.
1290 1211 1322 1264 p.

164 1298 220 1367 12)
241 1296 451 1351 hexametrum
479 1294 544 1349 sive
572 1294 755 1363 dactylicum
782 1295 847 1349 sive
872 1294 1070 1365 spondiaoum
1096 1302 1320 1366 pentametrum

166 1403 301 1458 eiusdem
322 1407 449 1457 naturae
470 1418 505 1456 ao
526 1401 641 1456 formae
662 1399 722 1456 sibi
742 1399 907 1472 adiungere
929 1403 1012 1456 omni
1035 1419 1072 1458 ex
1092 1407 1179 1474 parte
1200 1421 1273 1460 vera
1293 1406 1325 1461 in

170 1509 308 1565 Martiale
329 1509 463 1565 videtur.

204 1616 262 1672 III.
278 1616 367 1672 Nune
388 1615 425 1670 de
446 1615 615 1670 hexametri
636 1613 768 1670 caesuris
788 1615 973 1684 loquendum
996 1619 1053 1670 est.

208 1721 349 1779 Omnium
364 1737 555 1776 caesurarum
569 1721 659 1791 longe
674 1719 872 1777 usitatissima
886 1722 967 1792 apud
988 1722 1158 1778 Martialem
1178 1728 1226 1778 est
1246 1741 1320 1794 pen·

168 1830 364 1887 themimeres
385 1828 450 1883 sive
472 1828 697 1900 semiquinaria,
715 1844 775 1897 qua
794 1832 864 1897 post
884 1827 1024 1897 quintum
1047 1829 1233 1900 semIpedem
1255 1829 1321 1884 fini-

168 1944 219 1995 tur
239 1937 379 1993 verbum.
402 1937 512 2021 I'orma
533 1941 580 1991 est
600 1936 695 1992 haee:

288 2171 409 2221 barbara
427 2169 605 2233 pyramidum
625 2170 709 2220 sileat
728 2169 866 2220 miraeula
884 2169 1025 2232 Memphis
1045 2169 1104 2233 (sp.
1125 2170 1146 2219 1.
1166 2170 1180 2219 I
1201 2170 1238 2231 1).

207 2375 291 2432 Nihil
312 2392 389 2446 opus
410 2380 457 2431 114
477 2392 582 2430 onmes
600 2376 707 2430 afferre
729 2390 846 2448 versus,
864 2374 916 2445 qui
937 2376 1016 2430 hano
1034 2374 1216 2431 iueisionem
1238 2392 1324 2445 prae·

165 2485 249 2558 bent,
268 2501 336 2539 oum
357 2499 427 2538 mox
448 2498 597 2554 exponam
619 2481 783 2551 inquibus
804 2481 943 2538 versibus
964 2481 1097 2552 reliquas
1118 2498 1258 2538 caesuras
1273 2482 1325 2538 de·

165 2594 387 2664 prehenderim.

207 2700 473 2755 Penthemimeren
503 2703 604 2754 autem
634 2698 755 2768 saepius
779 2714 847 2752 oum
875 2698 943 2754 aliis
971 2699 1104 2755 oaesuris
1133 2698 1326 2754 coniunctam

167 2806 282 2878 inveni,
299 2808 434 2862 1111111111
455 2812 524 2878 post
545 2806 627 2861 arsin
652 2805 736 2860 tertii
757 2805 844 2876 pedis
858 2806 1040 2861 incisionem
1056 2807 1250 2876 praeeipuam
1266 2811 1324 2861 sta·
1365 2853 1368 2859 .

170 2918 288 2970 tueram
310 2919 375 2969 tum
387 2957 395 2987 ,
420 2914 545 2985 reliquis
569 2914 702 2970 caesuris
726 2914 890 2984 neglectis,
913 2914 1004 2968 unius
1025 2913 1258 2984 semiquinariae
1279 2931 1325 2968 ra-

166 3021 280 3077 tionem
302 3023 462 3078 habebam.
480 3022 694 3078 Semiternaria
715 3020 795 3077 enim
817 3039 935 3093 semper
958 3021 1158 3077 subsidIarIae
1179 3022 1246 3077 loeo
1267 3027 1323 3092 est,

168 3147 267 3199 neque
300 3129 389 3184 aliter
410 3130 447 3184 de
469 3146 592 3185 caesura
612 3127 750 3184 buoolioa
771 3127 831 3183 diei
857 3131 980 3202 potest,
997 3145 1087 3198 quam
1108 3129 1199 3200 paulo
1225 3129 1327 3184 miuus

167 3235 303 3307 sexagies
324 3236 454 3306 repperi.

212 3342 271 3398 Sed
292 3359 353 3397 non
374 3343 419 3397 ita
439 3359 562 3414 prorsus
577 3344 615 3398 de
630 3341 879 3414 semiseptenaria
900 3340 1093 3397 sentiendum
1114 3347 1171 3398 est.
1188 3342 1327 3398 Concedo

169 3449 309 3519 equidem
331 3449 423 3504 iniis
444 3450 584 3504 versibus
604 3450 656 3520 qui
676 3449 795 3504 utrovis
816 3450 906 3504 modo
929 3447 1026 3504 incidi
1046 3448 1164 3520 possint
1186 3449 1326 3520 semiqui-

167 3555 284 3610 nariam
299 3556 390 3627 louge
405 3557 648 3628 anteponendam
670 3573 745 3630 esse,
763 3556 849 3612 euius
870 3557 986 3612 formae
1007 3559 1179 3629 exemplum
1202 3558 1328 3628 praebet

168 3679 274 3719 versus
295 3663 361 3720 hio:

290 3877 445 3942 contigeris
463 3879 584 3942 nostros,
607 3877 718 3942 Caesar,
739 3879 764 3929 si
782 3878 855 3928 forte
874 3878 988 3929 libellos
1008 3880 1033 3942 (I
1053 3881 1121 3947 4,1).

212 4082 294 4147 Quin
315 4083 418 4155 1411111,
443 4082 610 4138 ut·Plessis
633 4084 749 4153 (Traite
770 4084 808 4138 de
829 4085 979 4156 metrique
1007 4102 1134 4156 grecque
1160 4089 1191 4140 et
1218 4085 1325 4158 latine,

169 4206 199 4259 p.
228 4190 266 4243 70
289 4206 334 4258 sq.
352 4189 448 4263 Paris,
474 4191 564 4260 1889)
587 4195 618 4245 14
639 4189 777 4246 Winbolt
800 4192 903 4261 (Latin
924 4193 1100 4248 hexameter
1119 4208 1215 4263 verse,
1239 4209 1271 4262 p.
1291 4194 1328 4248 89

170 4312 214 4365 sq.
240 4296 378 4370 London,
404 4297 492 4368 1903)
514 4297 692 4367 docuerunt,
716 4297 932 4370 semiquinaria
958 4298 1088 4355 validior
1115 4297 1256 4357 habenda
1282 4303 1328 4356 est
