3292 5176
767 361 941 420 -17-

304 536 464 607 Denique,
487 538 568 608 quod
590 537 629 592 ad
651 537 834 607 elegantiam
855 537 977 608 attinet,
1006 537 1104 592 forma
1124 535 1151 591 A
1172 536 1261 607 longe
1290 537 1425 591 omnium

270 645 472 716 pulcherrima
490 651 546 714 est,
574 645 627 700 sed
648 645 739 699 etiam
760 644 875 699 formae
897 645 921 698 B
943 650 975 699 et
995 645 1023 698 D
1045 644 1199 714 legitimae
1220 644 1336 714 optimo
1357 645 1423 699 iure

269 755 430 810 habentur.
454 755 564 808 Forma
580 753 602 808 O
616 753 717 807 minus
738 757 784 807 est
804 752 962 822 probanda
977 752 1044 823 (cfr.
1062 752 1173 821 Klapp,
1191 752 1423 820 Bemerkungen

268 861 362 916 ueber
382 861 431 916 die
453 861 586 932 Hephth.
609 862 663 916 des
688 859 793 916 latein.
815 858 943 913 Hexam.
968 860 1066 913 Posen
1091 859 1200 925 1868),
1224 858 1278 913 sed
1300 859 1422 913 omnino

267 968 487 1039 vituperandae
499 975 571 1024 sunt
581 969 697 1023 formae
708 970 732 1023 E
745 972 776 1022 et
785 968 821 1036 F,
834 967 944 1035 quibus
955 966 1108 1022 rarissime
1120 965 1267 1020 Martialis
1279 983 1351 1020 usus
1363 974 1420 1023 est.

306 1077 349 1131 IV
370 1077 440 1130 Jam
460 1093 532 1131 vero
553 1076 592 1131 ad
613 1092 752 1131 caesuras
773 1076 956 1146 pentametri
977 1080 1175 1130 transeamus.
1443 1064 1444 1068 ἵ

306 1183 387 1237 Haec
408 1183 589 1252 pentametri
611 1183 661 1237 lex
682 1187 728 1237 est
748 1181 895 1236 incisione
919 1185 952 1236 ut
972 1180 1186 1250 semiquinaria
1200 1182 1260 1236 duo
1280 1182 1313 1236 in
1326 1181 1420 1237 hemi-

265 1289 373 1344 stichia
404 1289 570 1346 dividatur.
594 1289 720 1345 Perraru
741 1289 880 1344 invenias
911 1293 1115 1359 pentametros
1142 1287 1196 1342 tali
1228 1304 1351 1342 caesura
1374 1305 1420 1342 ca-

266 1402 366 1452 rentes
388 1396 463 1468 (Cir.
487 1398 522 1452 Ε.
546 1397 582 1452 B.
606 1398 722 1466 Lease,
747 1395 842 1451 Class.
867 1393 988 1449 Revievv
1009 1395 1066 1449 XV
1087 1411 1119 1465 p.
1152 1396 1227 1465 362,
1253 1395 1342 1465 1901)
1364 1390 1421 1449 nee

264 1502 359 1556 ullum
380 1503 462 1572 apud
483 1502 651 1557 Martialem
672 1507 775 1556 tantae
796 1500 936 1556 licentiae
958 1500 1128 1570 exemplum
1156 1506 1265 1556 exstat.
1299 1499 1356 1555 Sed
1387 1501 1420 1555 in

261 1607 362 1678 priore
383 1625 502 1678 queque
523 1608 706 1678 pentametri
726 1613 812 1678 parte
835 1607 1008 1678 saepissime
1030 1606 1089 1661 alia
1111 1623 1234 1662 caesura
1248 1608 1337 1677 inest,
1354 1609 1416 1678 ple-

259 1732 385 1785 rumque
406 1722 475 1786 post
497 1715 577 1770 arsin
599 1715 722 1770 secundi
736 1714 834 1786 pedis,
854 1714 952 1770 rarius
966 1720 1036 1784 post
1050 1714 1215 1769 secuudum
1229 1715 1415 1784 trochaeum,

259 1821 410 1876 rarissime
432 1827 502 1891 post
522 1823 663 1891 primum.

297 1926 429 1982 Ca'esura
451 1928 658 1982 semiternaria
680 1932 733 1982 aut
753 1927 887 1997 perfecta
908 1931 955 1981 est
982 1930 1036 1980 aut
1061 1943 1115 1996 per
1142 1926 1263 1983 tmesin.
1298 1925 1413 1981 Prioris

256 2034 371 2089 formae
394 2036 450 2090 hoc
472 2039 519 2089 est
540 2037 732 2106 exemplum:

432 2198 460 2244 et
479 2195 560 2247 vario
579 2195 677 2245 faciles
696 2197 795 2246 ordine
813 2196 909 2258 pinxit
930 2210 1018 2258 aquas
1038 2194 1097 2258 (Sp.
1118 2195 1139 2243 1.
1160 2195 1236 2262 263)

256 2350 288 2399 et
308 2347 484 2416 posterioris
504 2349 580 2403 hoc:

371 2510 399 2555 et
418 2508 494 2556 bibis
513 2508 686 2556 immundam
706 2522 768 2556 eum
788 2523 856 2557 eane
874 2523 979 2572 pronus
1000 2508 1145 2571 aquam(1
1165 2507 1208 2572 92,
1231 2507 1275 2570 10)

254 2663 307 2712 aut
328 2659 402 2715 hoc:

412 2821 487 2882 quud
506 2821 587 2868 decet
607 2819 635 2866 in
655 2821 715 2869 sela
734 2819 863 2869 Caesaris
882 2834 941 2869 esse
960 2821 1041 2869 dome
1061 2820 1125 2887 (lX,
1147 2820 1190 2884 12,
1212 2819 1249 2883 8).

290 2971 336 3024 De
358 2988 481 3027 caesura
501 2989 556 3042 per
578 2973 687 3027 tmesin
709 2973 763 3028 cir.
789 2973 900 3027 Plessis
921 2972 968 3029 l.l.
991 2989 1022 3042 p.
1046 2975 1095 3043 23,
1120 2973 1205 3027 cuius
1220 2973 1302 3027 viam
1316 2989 1407 3028 aera-

249 3075 362 3131 tiouem
385 3083 505 3133 secutus
526 3095 603 3134 sum.
627 3080 692 3134 Hae
713 3081 790 3134 duae
811 3080 925 3135 formae
953 3079 1042 3151 lenge
1064 3080 1197 3134 omnium
1225 3079 1406 3150 frequentis·

250 3183 344 3237 simae
365 3189 451 3251 sunt,
476 3202 543 3238 cum
572 3186 604 3238 in
626 3203 677 3240 vv.
703 3188 780 3242 2433
804 3184 990 3260 (7653010)
1015 3186 1220 3241 inveniantur.
1249 3188 1406 3243 Interdum

248 3306 388 3344 caesurae
410 3292 636 3348 semiternariae
657 3294 760 3348 addita
781 3300 827 3349 est
847 3294 953 3348 incisio
975 3298 1044 3363 post
1064 3294 1195 3363 primum
1216 3297 1402 3352 trochaeum.

290 3395 431 3466 Sequitur
442 3415 565 3454 caesura
576 3406 645 3470 post
658 3403 823 3456 secrmdum
839 3403 1022 3472 trochaeum,
1040 3401 1125 3456 cuius
1139 3402 1214 3457 haee
1228 3407 1275 3457 est
1289 3404 1402 3460 forma:
1499 3472 1500 3475 Ἴ

455 3571 613 3621 Veientana
631 3576 709 3623 tuam
728 3576 752 3624 si
771 3576 867 3625 domat
887 3591 944 3628 uva
963 3576 1042 3624 sitim
1062 3575 1101 3640 (II
1121 3575 1195 3639 53,4)

257 3734 263 3743 ⁸
284 3749 383 3803 Huius
404 3768 545 3805 caesurae
568 3753 624 3806 307
648 3760 719 3808 stant
740 3757 887 3826 exenrpla:
913 3757 964 3826 Sp.
989 3756 1009 3813 l.
1034 3759 1097 3829 4‚4;
1121 3760 1184 3831 5‚4;
1209 3761 1290 3829 11,6;
1316 3762 1398 3830 12‚4;

245 3852 326 3921 13,6;
352 3854 433 3923 21‚4;
460 3855 562 3924 22,10;
587 3856 669 3927 24,2;
694 3859 723 3926 43
748 3860 831 3931 27,6;
855 3861 884 3929 83
909 3861 992 3929 aa&
1016 3861 1030 3914 I
1053 3863 1115 3932 3,2;
1139 3863 1202 3933 4⁷65
1227 3863 1300 3933 8,4;
1334 3865 1397 3934 9⁷25

245 3959 326 4026 12,6;
352 3961 433 4028 14,4;
459 3963 486 4028 6;
512 3963 594 4031 15.2;
621 3966 702 4033 1935
728 3967 819 4035 21‚6;
844 3968 925 4036 24,2;
952 3967 1043 4039 34,4;
1069 3970 1161 4039 36,4;
1187 3971 1278 4039 39,2;
1313 3973 1396 4041 42,2;

242 4064 325 4134 43,6;
351 4066 433 4136 47‚2;
458 4068 541 4137 48‚2;
566 4071 648 4139 58,4;
674 4071 756 4141 63,2;
780 4074 862 4144 71‚4;
889 4075 971 4144 88,2;
997 4077 1088 4145 90‚8;
1114 4078 1206 4147 92‚8;
1231 4078 1344 4147 101,8;
1368 4079 1398 4131 ΙΙ

243 4170 304 4239 1‚8;
328 4172 390 4241 7‚6;
416 4173 478 4243 8,2;
502 4176 584 4244 27‚2;
609 4176 691 4245 34,4;
715 4177 797 4247 38,2;
822 4179 904 4249 53,4;
928 4181 1011 4249 58,2;
1037 4181 1118 4252 69,4;
1143 4183 1226 4253 75,2;
1252 4183 1397 4252 76,2;111

273 4266 372 4308 Carissa
387 4269 559 4312 Gmnuarauo.
568 4294 592 4301 -
602 4273 640 4312 De
654 4274 687 4314 M.
707 4275 755 4316 Val.
770 4275 891 4316 Martialis
905 4277 940 4316 Re
956 4277 1059 4318 Matrica
1351 4294 1363 4322 2
