3292 5176
673 519 875 576 ...35-.

223 693 361 764 Denique
383 695 531 750 voeabula
550 694 583 748 in
604 695 752 764 syllabam
778 693 940 764 ancipitem
961 693 1102 748 exeuntia
1123 698 1193 748 ante
1214 693 1333 747 vocales

180 799 290 854 breves
304 800 352 855 his
366 800 440 855 locis
454 801 546 856 elisit:
563 801 594 858 in
608 800 706 872 prima
724 801 803 854 thesi
818 801 860 856 IV
873 802 955 869 31,9;
973 799 1045 854 VIII
1060 800 1162 869 55,23;
1180 800 1208 852 X
1224 799 1284 867 6,3;
1302 800 1331 866 73

180 906 223 959 XI
245 907 327 976 83,1;
351 907 410 961 XII
431 909 494 979 9,3;
519 910 600 980 27,1;
624 908 696 963 XIV
718 910 801 979 21,1;
818 908 849 960 in
863 907 955 962 tertia
969 907 1047 960 thesi
1062 906 1136 961 VIII
1152 908 1233 976 37‚3;
1258 910 1328 959 ante

180 1013 297 1082 longasi
313 1013 346 1067 in
360 1015 492 1068 secunda
507 1015 566 1069 arsi
587 1016 601 1068 I
624 1017 685 1086 9,1;
710 1015 742 1068 in
763 1019 848 1069 sexta
870 1014 930 1068 arsi
953 1015 1011 1067 XII
1029 1015 1110 1083 25‚1.

220 1122 255 1174 In
278 1120 456 1176 elisionibus
475 1139 593 1191 quoque
608 1122 856 1177 consuetudinem
871 1123 1054 1191 optimorum
1075 1125 1230 1190 poetarum
1254 1122 1330 1175 Mar-

180 1229 264 1282 tialis
286 1231 406 1282 secutus
427 1234 482 1285 est.
507 1226 619 1298 Neque*
632 1229 713 1284 enim
735 1230 976 1298 monosyllabum
998 1229 1030 1284 in
1051 1246 1157 1285 versus
1177 1230 1328 1298 principio

180 1336 312 1406 positum
335 1353 480 1404 umquam>
498 1336 601 1408 elisit,
625 1337 730 1391 autin
752 1337 884 1390 secunda
912 1337 1007 1406 thesi,
1038 1337 1143 1390 autin
1169 1337 1259 1390 tertia
1280 1342 1333 1390 aut

179 1442 212 1495 in
233 1442 361 1527 quinta,
385 1441 492 1496 necin
524 1443 615 1497 tertia
635 1441 695 1496 arsi
723 1442 880 1511 longarum
903 1442 1051 1496 vocalium
1079 1442 1221 1496 elisiones
1252 1460 1332 1497 rece-

180 1549 237 1618 pit.
262 1549 496 1604 Tolerabiliorcs
517 1554 588 1604 sunt
608 1549 749 1603 elisiones
777 1549 926 1604 vocalium
948 1549 1087 1604 brevium
1109 1550 1141 1604 in
1161 1551 1252 1603 tertia
1273 1551 1334 1605 arsi

178 1661 209 1710 et
229 1655 261 1708 in
283 1656 389 1725 quinta
409 1657 509 1727 thesi,
533 1672 608 1725 quas
632 1660 678 1710 ter
702 1661 821 1711 tantum
843 1656 902 1709 sibi
931 1657 1078 1726 permisit.
1103 1658 1137 1711 In
1166 1663 1250 1723 sexta
1270 1658 1332 1712 arsi

179 1763 321 1818 elisiones
350 1780 489 1832 maguam
514 1764 628 1818 habent
655 1764 873 1831 offensionem,
903 1765 956 1818 sed
983 1764 1131 1819 Martialis
1158 1765 1205 1818 bis
1237 1765 1333 1840 solum

177 1870 285 1924 bacin
308 1870 378 1924 sede
399 1867 498 1924 elisit:
522 1870 552 1923 II
574 1872 643 1940 56,1
667 1870 742 1923 mole
763 1871 860 1940 audii,
882 1875 913 1925 et
937 1872 997 1924 XII
1019 1873 1088 1936 25‚1
1112 1872 1200 1925 habco
1223 1872 1330 1941 ioquin:

179 1978 211 2028 at
232 1975 266 2029 in
286 1980 372 2030 sexta
393 1974 453 2030 arsi
480 1975 588 2045 opt-imi
609 1980 717 2047 poetae
739 1976 835 2029 solum
864 1993 953 2030 voces
977 1977 1048 2033 lias:
1071 1994 1168 2048 >ireque
1193 1996 1257 2050 qao,
1280 1978 1330 2048 ibi,

177 2082 237 2152 ubi,
254 2083 326 2154 siae,
349 2082 436 2148 male,
458 2082 527 2149 cisi,
544 2080 656 2135 elidere
676 2081 758 2153 passi
780 2086 860 2144 sunt,
878 2099 968 2151 quam
990 2083 1028 2137 ob
1050 2100 1112 2137 rem
1133 2083 1254 2138 illarum
1275 2084 1327 2138 eli-

177 2189 295 2243 sionum
316 2187 398 2259 prior
420 2187 591 2242 excusanda
611 2192 667 2259 est,
685 2188 738 2242 sed
759 2190 907 2259 posterior
921 2189 1025 2244 durior
1045 2190 1177 2245 videtur.
1190 2192 1226 2243 In
1248 2196 1332 2245 sexta

175 2295 255 2349 thesi
276 2311 432 2364 nunquam
454 2292 601 2348 Martialis
623 2294 715 2364 elisit,
733 2295 914 2365 optimorum
929 2302 1087 2367 poetarum
1102 2298 1271 2367 exemplum
1287 2315 1331 2352 se-

175 2407 263 2457 cutus
278 2401 354 2473 (cfr.
372 2404 407 2459 L.
424 2404 562 2470 Mueller,
580 2401 680 2457 Ueber
693 2402 743 2457 die
758 2402 873 2457 Elision
894 2421 942 2457 arn
964 2405 1050 2458 Ende
1064 2404 1118 2460 des
1132 2405 1332 2461 lateinischen

171 2512 378 2583 Hexameters,
407 2512 534 2581 Jahrbb‚
559 2515 582 2570 f.
606 2514 637 2568 d.
667 2511 761 2565 klass.
791 2511 871 2567 Phil.
903 2512 965 2566 und
987 2513 1060 2567 Pau.
1084 2514 1207 2585 LXXV,
1234 2516 1322 2576 1857,

173 2635 204 2689 p.
229 2618 339 2673 481-87
363 2623 394 2672 et
414 2616 450 2674 G.
474 2620 625 2692 Eskuohe,
649 2618 707 2672 Die
728 2617 884 2672 Elisionen
905 2618 936 2672 in
959 2620 1018 2673 den
1040 2622 1057 2672 2
1079 2620 1190 2674 letzten
1212 2621 1327 2674 Fiissen

174 2724 228 2779 des
249 2725 448 2780 lateinischen
469 2727 666 2781 Hexameters
693 2742 754 2780 von
775 2726 892 2780 Ennius
915 2725 962 2780 bis
977 2726 1185 2781 Walalrfridus
1207 2726 1326 2801 Strabo,

173 2832 282 2890 Rhein.
305 2835 443 2889 Museum
464 2836 558 2906 XLV,
583 2837 671 2906 1890,
695 2853 725 2906 p.
751 2836 861 2891 236-64
883 2840 914 2890 et
936 2835 1089 2905 385-418).

214 2938 272 2994 Sed
294 2941 423 2995 multum
444 2940 572 2995 interest
592 2958 653 2995 non
675 2940 770 2995 solum
793 2958 852 3010 qua
873 2941 905 2997 iu
926 2941 998 2995 sede
1019 2941 1160 2995 elisiones
1174 2942 1260 3014 fiant,
1276 2961 1328 2998 ve-

172 3062 239 3099 rum
261 3044 352 3099 etiam
374 3061 451 3114 quae
473 3047 688 3101 vocabulorum
709 3063 821 3118 genera
841 3046 995 3100 elidantur
1018 3047 1092 3117 (Cir.
1117 3049 1153 3121 L.
1176 3050 1325 3119 Mueller,

175 3152 221 3206 De
242 3169 275 3206 re
297 3153 432 3220 metrica,
457 3152 623 3226 Petropoli,
649 3155 736 3227 1894,
760 3171 791 3224 p.
816 3155 873 3209 339
889 3155 977 3223 sqq).
995 3154 1135 3209 Omnium
1151 3156 1329 3212 durissimae

173 3260 316 3315 elisiones
337 3265 409 3315 sunt
430 3261 645 3317 vocabulorum
660 3261 857 3316 iambioorum
872 3265 926 3316 aut
940 3261 1129 3330 ereticorum,
1147 3280 1273 3332 quarum
1288 3282 1327 3319 ne

176 3384 270 3421 unum
291 3367 415 3437 quidem
428 3368 599 3440 exemplum
614 3368 695 3439 apud
717 3368 886 3423 Martialem
908 3368 1082 3423 invenirit
1103 3370 1274 3439 spondiacis
1296 3371 1328 3426 in

165 3471 257 3542 longa
277 3477 366 3527 acuta
387 3473 536 3529 elidendis
556 3491 618 3528 non
639 3474 762 3528 omnino
783 3473 809 3527 is
831 3491 862 3528 se
884 3473 1048 3531 abstinuit:
1071 3475 1126 3531 cir.
1144 3476 1170 3531 V
1185 3478 1273 3546 16,13
1296 3485 1328 3534 et

172 3578 216 3631 XI
239 3580 322 3648 32,5.
346 3579 459 3634 Contra
480 3580 511 3633 in
533 3579 659 3637 elisione
680 3580 869 3650 dactylorum
891 3582 983 3636 semel
1004 3581 1153 3652 peccavit:
1176 3583 1220 3636 XI
1242 3586 1324 3658 20,5,

172 3685 226 3740 sed
240 3686 320 3741 hunc
335 3703 456 3742 versum
472 3686 621 3743 Martialis
635 3687 773 3758 Augusto
788 3687 896 3743 tribuit
917 3692 947 3743 ct
969 3688 1001 3742 in
1022 3687 1110 3743 initio
1131 3706 1237 3745 versus
1251 3691 1329 3747 hanc

171 3791 328 3848 elisionem
350 3794 409 3849 sibi
431 3794 569 3865 permisit
591 3794 665 3864 (cfr.
690 3796 720 3849 J.
744 3794 900 3867 DralieIm,
924 3797 971 3850 De
992 3800 1057 3850 arte
1069 3795 1182 3864 Ovidii,
1200 3798 1327 3854 Hermes

170 3914 201 3967 p.
226 3899 283 3953 253
306 3917 371 3969 sqq.
397 3901 496 3971 1879).
531 3901 634 3970 Neque
658 3917 731 3956 vero
755 3901 945 3971 pyrrichiaoa
971 3902 1003 3955 in
1024 3919 1044 3956 a
1074 3904 1124 3957 vel
1146 3920 1162 3956 o
1185 3920 1325 3973 umquam

171 4003 262 4074 elisit,
286 4012 407 4074 praeter
428 4006 481 4061 illa
494 4007 663 4075 antiquitus
684 4012 822 4076 correpta
842 4012 873 4062 et
894 4009 1092 4063 usitatissima
1114 4026 1163 4079 epo
1185 4014 1216 4063 et
1230 4011 1323 4066 bomo.

170 4109 212 4164 At
225 4112 377 4168 trochaica
391 4113 454 4168 sive
469 4112 599 4183 simplici
620 4112 717 4168 vocali
739 4113 803 4167 sive
816 4114 934 4168 adiecta
949 4131 976 4166 m
997 4114 1079 4169 haud
1093 4131 1160 4168 raro
1183 4115 1213 4169 in
1235 4117 1325 4185 longa

170 4221 259 4271 acuta
285 4198 398 4274 elidere
424 4219 590 4287 sustinuit,
613 4219 692 4289 quod
714 4237 776 4273 non
797 4219 879 4272 omni
901 4219 1065 4274 offensione
1087 4225 1179 4292 caret,
1204 4222 1257 4275 sed
1279 4226 1323 4276 ta-

171 4341 240 4382 men
260 4343 322 4384 non
342 4343 466 4402 prorsus
480 4326 710 4401 improbandum
725 4331 782 4386 est.
799 4326 958 4385 Praeterea
972 4327 1004 4383 iu
1025 4329 1111 4383 brevi
1134 4329 1226 4386 semel
1242 4328 1324 4387 elisIt
